2414 3968
397 227 474 282 OAP.
492 227 733 282 LXXII-LXXV.
1026 228 1067 292 91

126 371 290 437 LXXHH.
339 371 454 456 Legati
480 372 610 435 interim
638 394 677 436 ex
707 372 825 456 oppido
848 370 953 457 Vaga,
985 371 1103 456 quodr
1161 361 1168 375 ’

61 471 236 535 finitimum
267 470 330 534 fuit
361 468 470 554 Zetae,
508 469 598 533 ouius
631 468 798 534 Gaesarem
829 470 969 553 potitum
1001 469 1070 534 ess'e

62 566 360 649 demonstravimus,
382 565 528 650 veniunt3
555 569 670 649 petunt
692 572 725 630 et
748 567 924 650 obsecrant,
948 570 986 630 ut
1008 566 1070 630 sibi

60 664 257 750 praesidium
279 663 401 726 mittat:
424 683 531 726 seres
554 662 743 747 complures,
766 685 847 748 quae
869 663 966 728 utiles
984 662 1069 727 bello
1151 714 1153 718 .

62 763 136 845 sint,
156 759 465 841 subministraturos.
494 756 558 822 Per
575 759 609 822 id
627 763 754 844 tempus
772 760 941 845 †de0rum
957 760 1069 824 volun·
1089 775 1104 822 1

61 861 128 922 1111
147 857 316 941 studioque
335 877 411 941 erga
425 854 592 920 Caesarem
610 857 777 942 transfuga
794 880 870 922 suos
889 857 974 922 cives
992 857 1071 921 facit

61 954 212 1018 certiores
234 952 348 1018 Iubam
369 974 479 1037 regem
502 951 648 1018 celeriter
670 975 743 1018 cum
762 955 862 1039 copiis
885 956 961 1039 suis,
984 959 1070 1018 ante·

61 1073 158 1136 quam
182 1049 325 1115 Caesaris
345 1050 542 1134 praesidium
565 1073 602 1114 eo
627 1052 821 1135 perveniret,
849 1052 889 1116 ad
916 1051 1070 1136 oppidum

61 1149 279 1215 adcucurrisse
299 1152 394 1232 atque
413 1147 634 1212 advenientem
652 1148 858 1212 multitudine
874 1147 1070 1212 circumdata

60 1269 98 1312 co
124 1247 265 1331 potitum
293 1245 505 1328 omnibusque
533 1245 601 1309 eius
629 1244 739 1328 oppidi
765 1244 879 1309 incolis
907 1244 947 1308 ad
968 1266 1069 1309 unum

59 1343 237 1408 interfectis
265 1343 388 1407 dedisse
416 1341 569 1425 oppidum
596 1341 810 1424 diripiendum
837 1341 1068 1425 delendumque

60 1441 228 1506 militibus.

125 1536 254 1602 LXXV.
300 1535 416 1601 Caesar
438 1535 568 1600 interim
592 1533 730 1598 lustrato
758 1535 900 1599 exercitu
923 1534 998 1597 ad.
1019 1550 1102 1598 1111

59 1636 130 1700 Kal.
153 1634 256 1719 April.
278 1638 408 1718 postero
431 1634 483 1698 die
504 1633 669 1718 productis
691 1631 851 1697 universis
873 1632 975 1715 copiis
996 1653 1068 1716 pro·

59 1754 188 1819 gressus
212 1733 251 1796 ab
280 1732 346 1795 suis
374 1731 488 1796 castris
515 1731 605 1794 milia
630 1752 785 1814 passuum
806 1747 840 1813 v,
867 1751 886 1792 a
909 1727 1068 1813 Scipionis

58 1831 186 1896 circiter
213 1829 313 1892 duum
339 1827 466 1892 milium
492 1828 659 1892 interiecto
687 1826 805 1911 spatio,
836 1826 870 1889 in
903 1826 969 1890 acie
996 1849 1068 1890 oon-

59 1927 152 1991 stitit.
197 1924 374 2007 Postquam
397 1924 475 1987 satis
499 1924 554 1988 diu
577 1924 775 1988 adversarios
799 1923 837 1987 ab
862 1945 896 1988 se
919 1923 959 1986 ad
977 1923 1068 1987 dimi·
1087 1939 1102 1986 2

59 2022 197 2088 candum
233 2021 385 2085 inritatos
422 2021 627 2104 supersedere
666 2042 793 2106 pugnae
834 2020 1069 2106 animadvertit,

60 2118 185 2184 reducit
207 2117 314 2200 copias
337 2120 530 2200 posteroque
553 2116 604 2180 die
627 2121 731 2181 castra
753 2120 862 2181 movet
885 2120 980 2201 atque
1007 2118 1069 2182 iter

60 2217 100 2280 ad
119 2213 273 2298 oppidum
288 2211 464 2296 Sarsumm,
482 2212 539 2275 ubi
555 2210 662 2295 Scipio
680 2212 895 2278 Numidarum
912 2212 1069 2278 habuerat

59 2313 255 2400 praesidium
270 2310 531 2393 frumentumque
550 2313 813 2393 comportaverat‚
831 2310 878 2374 ire
896 2309 1068 2374 contendit.

59 2411 153 2489 Quod
175 2409 232 2474 ubi
249 2408 408 2472 Labienus
430 2404 664 2488 animadvertit,
686 2427 759 2470 oum
778 2406 924 2490 equitatu
940 2405 1068 2490 levique
1086 2421 1103 2469 3

59 2511 222 2574 armatura
248 2526 363 2589 agmen
391 2504 460 2568 eius
487 2506 666 2567 extremum
693 2526 821 2588 carpere
844 2503 950 2587 coepit
972 2507 1067 2588 atque

58 2608 105 2672 ita
126 2605 265 2669 lixarum
287 2605 578 2684 mercatorumque,
606 2599 662 2684 qui
688 2598 821 2683 plostris
848 2621 969 2664 merces
996 2621 1067 2683 por·

58 2703 179 2785 tabant,
202 2699 387 2783 interceptis
410 2697 544 2762 sarcinis
568 2697 675 2761 addito
697 2697 804 2761 animo
822 2697 955 2781 propius
974 2696 1067 2760 auda-

58 2802 190 2882 ciusque
214 2797 335 2862 accedit
358 2797 398 2860 ad
419 2795 576 2881 legiones,
603 2794 689 2879 quod
716 2794 922 2858 existimabat
947 2793 1067 2858 milites

57 2897 119 2961 sub
152 2916 247 2958 onere
278 2916 315 2958 ac
346 2893 406 2958 sub
439 2892 573 2956 sarcinis
604 2892 797 2976 defatigatos
827 2912 970 2976 pugnare
1002 2913 1067 2955 non

58 3014 161 3076 posse.
203 2990 290 3067 Quae
312 3013 364 3055 res
386 2988 552 3055 Caesarem
574 3011 639 3054 non
662 2989 832 3054 fefellerat:
855 3009 993 3072 namque
1015 3005 1102 3053 err-4

58 3089 184 3174 pedites
216 3111 256 3152 ex
287 3087 424 3172 singulis
454 3086 637 3171 legionibus
669 3091 814 3151 trecenos
845 3086 965 3150 milites
997 3108 1066 3150 esse

59 3187 202 3251 iusserat.
251 3184 365 3270 ltaque
396 3206 450 3249 eos
482 3184 516 3248 in
543 3184 722 3268 equitatum
748 3183 882 3248 Labieni
904 3182 1066 3246 immissos

58 3282 174 3347 turmis
197 3303 328 3346 suorum
355 3281 519 3366 suppetias
546 3281 656 3346 mittit.
701 3280 785 3345 Tum
806 3278 966 3344 Labienus
994 3295 1101 3344 con-5

57 3379 159 3444 versia
183 3379 274 3462 equis
292 3379 458 3465 signorum
479 3383 650 3463 conspectu
673 3378 862 3462 perterritus
880 3377 1066 3461 turpissima

57 3477 169 3561 fugere
187 3477 358 3541 contendit.
394 3476 507 3551 Multis
526 3478 595 3542 eius
615 3476 737 3560 occisis,
761 3475 978 3560 compluribus
998 3472 1066 3538 vul-
1086 3489 1101 3535 6

56 3574 177 3639 noratis
205 3573 324 3638 milites
355 3573 524 3659 legionarii
556 3573 597 3637 ad
628 3595 686 3637 sua
718 3593 752 3635 se
783 3571 943 3655 recipiunt
974 3570 1068 3653 signa
