2414 3968
140 221 184 285 54
476 215 623 270 BELLUM
640 215 809 270 AFRIOUM.

138 364 228 428 iubet
249 361 443 446 comportari
460 360 550 446 ligna
567 360 602 424 in
621 359 774 442 oppidum
793 379 890 444 quam
908 359 1065 444 plurima3
1084 359 1152 444 ipse

139 484 211 526 oum
237 459 424 527 cohortibus
447 476 511 543 vu,
539 478 619 542 quae
647 479 687 521 ex
712 455 872 521 veteranis
898 455 1088 541 legionibus
1119 455 1152 520 in

138 558 238 622 classe
269 580 342 623 cum
376 554 518 639 Sulpicio
556 558 589 619 et
620 552 753 619 Vatinio
788 575 857 618 rem
893 556 1077 638 gesserant,
1114 575 1152 618 ex

138 655 254 739 oppido
277 654 425 738 Ruspina
446 672 594 738 egressus
616 649 831 735 proficiscitur
853 649 894 714 ad
920 654 1068 735 portum,
1097 651 1152 735 qui

138 750 228 816 abest
255 751 295 815 ab
322 749 442 834 oppido
468 746 560 812 milia
585 769 738 832 passuum
766 747 843 830 duo,
874 746 985 832 ibique
1015 747 1151 813 classem

102 848 197 912 asub
220 869 389 932 vesperum
412 867 485 911 cum
507 867 545 910 ea
569 845 662 928 copia
687 843 880 911 conscendit
926 841 1092 910 Omnibus
1119 844 1151 909 in

138 945 280 1009 exercitu
302 943 413 1008 insciis
436 946 469 1008 et
490 941 728 1026 requirentibus
746 941 950 1024 imperatoris
968 941 1151 1026 consssium,

103 1057 255 1126 amagno
292 1044 381 1104 metu
417 1061 454 1105 ao
490 1038 686 1104 tristimonio
721 1037 988 1103 sollicitabantur.
1048 1037 1152 1105 Parva

138 1137 223 1200 enim
246 1157 319 1201 cum
342 1135 434 1219 copia
456 1139 489 1201 et
511 1157 549 1201 ea
571 1135 727 1220 tironum,
754 1156 857 1219 neque
882 1135 971 1200 omni
992 1137 1151 1221 exposita,

138 1233 173 1298 in
194 1233 305 1298 Africa
328 1237 439 1298 contra
460 1253 594 1318 magnas
618 1232 726 1316 copias
748 1236 783 1298 et
807 1231 981 1297 insidiosae
1007 1234 1150 1299 nationis

139 1329 317 1414 equitatum
339 1328 605 1394 innumerabilem
627 1350 662 1394 se
685 1329 848 1413 expositos
870 1328 1026 1395 videbant
1047 1353 1150 1416 neque

139 1427 309 1512 quicquam
332 1425 440 1492 solatii
460 1427 494 1492 in
511 1425 693 1510 praesentia
710 1448 814 1511 neque
832 1425 945 1490 auxilii
962 1425 998 1490 in
1016 1449 1150 1493 suorum

138 1524 272 1589 consilio
291 1524 434 1588 animum
452 1522 669 1607 advertebant,
690 1523 755 1587 nisi
773 1523 808 1588 in
825 1523 928 1607 ipsius
945 1523 1150 1608 imperatoris

108 1631 111 1636 ’
138 1621 241 1704 vultu,
252 1621 364 1705 rigore
377 1618 581 1703 mirabilique
593 1618 771 1702 hilaritate3
789 1618 932 1682 animum
945 1618 1034 1683 enim
1048 1619 1149 1685 altum

103 1720 173 1782 set
194 1720 334 1780 erectum
357 1737 433 1799 prae
461 1737 495 1780 se
523 1716 662 1800 gerebat.
706 1713 793 1779 Huic
820 1713 1071 1798 adquiescebant
1097 1717 1149 1781 ho

139 1813 241 1876 mines
268 1815 301 1875 et
327 1811 361 1874 in
388 1811 457 1875 eius
484 1811 618 1875 scientia
644 1816 677 1876 et
704 1810 837 1875 consilio
861 1810 970 1875 omnia
991 1812 1058 1878 sibi
1079 1835 1149 1899 pro

140 1907 235 1972 clivia
257 1927 367 1971 omnes
389 1905 458 1970 fore
481 1908 660 1989 sperabant

107 2023 120 2071 1
206 2001 261 2067 XI.
307 2000 423 2066 (laesor
448 2023 513 2066 una
539 2008 632 2069 nocte
655 2005 689 2069 in
711 2005 847 2070 navibus
870 2008 1065 2089 consumpta
1086 2006 1150 2070 iam

140 2099 227 2166 caelo
250 2099 376 2164 albente
399 2120 472 2163 cum
494 2101 654 2183 proficisci
677 2105 858 2185 conaretur,
887 2101 996 2166 subito
1017 2103 1150 2169 navium

139 2220 227 2282 pars,
253 2196 292 2262 de
320 2217 384 2280 qua
409 2196 557 2281 timebat,
585 2220 625 2263 ex
652 2220 759 2264 errore
782 2197 894 2262 eodem
917 2197 1149 2264 conferebatur.

105 2294 209 2362 2Hac
235 2316 270 2358 re
297 2293 426 2378 cognite
453 2291 568 2359 Caesar
599 2294 745 2360 celeriter
776 2294 815 2358 de
847 2294 983 2359 navibus
1012 2295 1151 2380 imperat

140 2413 249 2457 omnes
272 2390 380 2475 egredi
402 2394 498 2474 atque
521 2391 555 2455 in
577 2390 672 2457 litore
696 2394 835 2455 armatos
858 2390 1001 2474 reliquos
1023 2391 1151 2457 adveni·

103 2493 228 2555 sentes
254 2486 374 2551 milites
401 2491 593 2570 exspectare.
643 2487 758 2573 Itaque
790 2487 859 2552 sine
890 2509 982 2551 mora
1012 2489 1150 2555 naribus

139 2588 184 2653 eis
208 2586 242 2651 in
264 2588 394 2669 portum
414 2584 551 2667 receptis
570 2588 602 2649 et
620 2585 760 2649 advectis
779 2583 920 2649 militum
939 2584 1151 2671 equitumque

138 2684 240 2769 copiis
267 2703 378 2746 rursus
407 2680 447 2744 ed
473 2680 629 2764 oppidum
656 2681 835 2765 Ruspinam
866 2681 951 2746 redit
979 2686 1081 2766 atque
1106 2683 1151 2748 ibi

140 2782 252 2845 castris
276 2777 460 2844 constitutis
483 2778 552 2861 ipse
581 2800 653 2843 oum
682 2778 868 2844 cohortibus
896 2779 1057 2862 expeditis
1080 2797 1152 2844 xxx

104 2876 370 2939 cfiumentatum
394 2877 444 2937 est
465 2873 636 2956 profectus.
681 2873 734 2939 Ex
757 2896 796 2940 eo
819 2879 868 2939 est
891 2875 1059 2960 cognitum
1078 2875 1160 2960 an‘

140 2972 221 3036 saris
249 2970 431 3053 consilium,
463 2970 556 3033 illum
588 2993 660 3036 oum
693 2971 794 3035 classe
824 2971 959 3037 navibus
987 2973 1152 3056 onerariis,

141 3090 221 3152 quae
247 3067 458 3150 deerrassent,
486 3067 629 3133 subsidio
656 3069 703 3132 ire
726 3068 808 3132 olam
830 3068 979 3133 hostibus
1001 3069 1151 3153 voluisse,

140 3187 180 3229 ne
213 3185 288 3227 casu
320 3163 538 3245 imprudentes
571 3188 647 3230 suae
678 3185 776 3229 naves
807 3163 841 3228 in
873 3163 1008 3229 classem
1045 3165 1152 3231 adver·

143 3259 300 3324 sariorum
323 3258 506 3344 inciderent,
528 3283 631 3344 neque
655 3284 725 3326 eam
743 3283 811 3325 rem
829 3283 884 3325 eos
901 3261 1043 3327 voluisse
1063 3263 1153 3346 scire,

144 3358 199 3440 qui
222 3356 256 3419 in
278 3355 445 3439 praesidiis
466 3358 570 3422 relicti
589 3358 639 3421 sui
657 3357 776 3422 milites
794 3358 940 3442 ficissent,
962 3380 1002 3423 ne
1020 3363 1154 3444 propter

143 3474 275 3517 suorum
297 3452 492 3534 paucitatem
516 3457 548 3518 et
569 3454 713 3518 hostium
735 3453 977 3519 multitudinem
993 3458 1088 3520 metu
1105 3455 1154 3520 de

143 3547 282 3615 ficerent.

81 3662 108 3736 l
