2414 3968
143 200 185 264 62
477 196 626 252 emnuu
644 194 814 250 Armoun.

87 388 89 393 .
143 342 245 408 coacti
257 341 401 407 veterani
414 341 535 406 milites
553 340 750 424 equitesque,
768 338 825 424 qui
837 337 943 403 multa
955 341 1046 403 terra
1063 338 1158 403 mari·

143 461 205 524 que
227 439 312 505 bella
330 438 543 504 confecissent
561 441 594 502 et
615 435 769 521 perieulis
791 435 965 520 inopiaque
981 434 1045 499 tali
1062 456 1157 520 saepe

143 541 250 601 essent
272 534 463 620 conflictati,
491 534 565 620 alga
587 556 604 599 e
626 533 723 599 litore
745 533 881 599 collecta
903 536 937 598 et
961 553 1050 617 aqua
1071 532 1157 597 dulci

143 633 229 698 elota
255 638 288 699 et
315 634 362 698 ita
388 632 541 697 iumentis
569 630 785 696 esurientibus
813 629 888 694 data
913 628 1017 693 vitam
1044 650 1157 695 eorum

142 731 370 814 producebant.

109 845 124 893 1
208 826 310 892 XXV.
355 826 443 891 Dum
473 825 552 891 haec
581 824 629 889 ita
656 825 784 907 fierent,
815 845 873 887 rex
902 819 986 886 Iuba
1014 823 1155 908 cognitis

144 922 288 989 Caesaris
316 922 562 988 difficultatibus
590 921 819 1005 copiarumque
844 918 1009 1003 paucitate
1026 955 1074 966 —
1091 941 1156 985 non

144 1023 194 1084 est
215 1019 321 1083 visum
344 1017 419 1082 dare
442 1019 582 1103 spatium
605 1016 847 1083 convalescendi
871 1015 1156 1101 augendarumque

144 1117 213 1181 eius
241 1137 352 1200 opum:
385 1115 494 1200 itaque
521 1115 713 1225 comparatis
740 1114 886 1198 equitum
912 1113 1043 1198 mugnis
1069 1113 1154 1198 pedi·

144 1215 278 1295 tumque
306 1211 411 1294 copiis
443 1211 588 1277 subsidio
619 1211 716 1277 sociis
748 1230 897 1296 egressus
924 1231 942 1274 e
972 1230 1077 1295 regno
1109 1211 1154 1275 ire

110 1328 126 1375 a
146 1308 317 1373 contendit.
353 1308 389 1374 P
404 1307 520 1374 Sittius
539 1309 669 1374 interim
688 1312 721 1373 et
738 1330 796 1372 rex
808 1305 955 1371 Bocchus
974 1307 1154 1373 coniunctis

144 1407 212 1472 suis
239 1407 339 1492 copiis
368 1408 497 1493 cognito
525 1407 612 1491 regis
638 1404 737 1471 lubae
765 1425 896 1489 egressu
921 1403 1059 1488 propius
1086 1405 1154 1471 eius

143 1525 278 1590 regnum
308 1504 416 1588 copias
446 1526 521 1568 suas
553 1504 733 1587 admovere,
766 1500 966 1584 Cirtamque,
999 1501 1154 1586 oppidum

144 1601 425 1685 opulentissimum
447 1601 517 1666 eius
540 1600 645 1685 regni,
674 1599 805 1664 adortus
827 1597 938 1682 paucis
960 1597 1078 1663 diebus
1098 1620 1154 1684 pu·

145 1698 271 1782 gnando
304 1697 390 1781 capit
424 1701 457 1762 et
491 1701 657 1781 praeterea
688 1696 751 1762 duo
783 1695 903 1780 oppida
934 1693 1153 1762 Gaetulorum

110 1811 126 1858 3
146 1793 269 1870 Quibus
292 1815 365 1859 cum
389 1793 607 1858 condicionem
629 1794 738 1877 ferret,
762 1798 801 1858 ut
823 1792 941 1877 oppido
964 1795 1154 1861 excederent

145 1890 240 1974 idque
264 1891 326 1955 sibi
344 1912 480 1955 vacuum
498 1889 669 1974 traderent,
691 1890 974 1973 condicionemque
991 1890 1153 1975 repudias·

146 1991 233 2070 sent,
264 1990 377 2070 postea
408 1986 448 2051 ab
480 2007 518 2050 eo
550 1986 636 2069 eapti
667 1987 893 2071 interfectique
924 1990 1002 2051 sunt
1034 2009 1153 2053 omnes.

144 2081 224 2149 Inde
250 2104 439 2169 progressus
467 2103 562 2166 agros
585 2083 766 2167 oppidaque
789 2104 904 2148 vexare
930 2103 997 2147 non
1019 2083 1153 2149 destitit.

109 2180 270 2257 4Quibus
295 2182 392 2245 rebus
419 2179 558 2266 cognitis
584 2178 666 2246 Iuba
696 2203 769 2246 cum
800 2180 865 2245 iam
896 2201 962 2245 non
992 2178 1093 2268 longe
1115 2182 1153 2247 ab

146 2276 295 2368 Scipione
322 2282 418 2362 atque
441 2278 510 2343 eius
540 2277 674 2343 ducibus
702 2277 840 2360 abesset,
869 2277 957 2361 capit
982 2279 1153 2344 consilium

145 2369 246 2441 satius
265 2397 334 2440 esse
353 2375 415 2440 sibi
438 2397 561 2459 suoque
583 2396 684 2461 regno
707 2373 851 2439 subsidio
873 2373 933 2459 ire,
957 2396 1057 2459 quam
1080 2377 1154 2442 dum

145 2473 224 2539 alios
253 2473 420 2538 adiuturus
448 2472 718 2557 proficisceretur,
744 2471 813 2556 ipse
836 2493 895 2536 suo
921 2492 1023 2557 regno
1045 2473 1154 2559 expul-

110 2585 199 2635 ssus
230 2569 367 2636 forsitan
398 2573 535 2653 utraque
567 2591 603 2633 re
634 2567 855 2652 expelleretur.
898 2565 1014 2652 Itaque
1042 2592 1154 2636 rursus

144 2667 283 2751 recipere
311 2670 408 2751 atque
436 2665 557 2730 auxilia
579 2665 676 2730 etiarn
699 2666 739 2729 ab
763 2663 913 2749 Scipione
935 2664 1074 2732 abduxit
1093 2667 1154 2732 sibi

145 2764 274 2847 suisque
301 2764 398 2828 rebus
425 2763 544 2827 timens
571 2761 814 2846 elephantisque
840 2778 915 2826 xxx
936 2760 1061 2829 relictis
1088 2764 1154 2831 suis

144 2859 264 2924 finibus
288 2860 478 2945 oppidisque
501 2860 666 2943 suppetias
689 2859 852 2943 profectus
875 2863 933 2924 est.

111 2972 125 3018 1
211 2955 329 3020 XXVI.
366 2956 482 3022 Caesar
504 2956 643 3040 interim,
667 2978 739 3021 cum
763 2955 801 3020 de
824 2978 883 3021 suo
902 2956 1043 3022 adventu
1066 2959 1155 3025 dubi·

145 3052 226 3116 tatio
241 3053 275 3116 in
293 3054 459 3136 provincia
472 3058 558 3119 esset
575 3075 679 3137 neque
693 3052 865 3137 quisquam
880 3052 1022 3119 crederet
1039 3054 1156 3141 ipsum,

145 3149 201 3213 sed
227 3149 365 3233 aliquem
392 3151 536 3237 legatum
563 3150 597 3213 in
623 3150 767 3214 Africam
795 3172 868 3214 cum
896 3150 998 3234 copiis
1020 3153 1156 3237 venisse,

146 3245 335 3329 conscriptis
362 3246 481 3312 litteris
505 3247 625 3312 circum
651 3246 850 3331 provinciam
873 3268 985 3312 omnes
1008 3248 1156 3315 civitates

111 3359 127 3405 2
146 3340 224 3404 facit
247 3340 285 3404 dc
309 3362 366 3404 suo
391 3342 529 3408 adventu
548 3343 707 3407 certiores.
753 3341 888 3408 Interim
905 3342 1031 3408 nobiles
1054 3344 1156 3411 homi·

145 3460 203 3502 nes
232 3459 272 3502 ex
302 3437 369 3501 suis
400 3440 526 3523 oppidis
555 3440 726 3523 profugere
754 3444 787 3504 et
816 3439 851 3505 in
878 3443 983 3504 castra
1011 3439 1156 3507 Caesaris

147 3534 295 3600 devenire
324 3538 357 3599 et
384 3535 423 3600 de
450 3536 705 3601 adversariorum
729 3536 798 3601 eius
826 3536 1014 3602 crudelitate
1039 3538 1156 3605 acerbi·
