2414 3968
81 188 145 253 156
296 187 325 242 O.
344 187 430 242 IULII
449 186 624 242 CAESARIS
642 187 877 243 FRAGMENTA„

80 331 254 386 ambitionem
276 331 486 402 maqistratuum
508 338 618 402 auperet
640 332 762 387 adiectio.
800 332 839 386 sic
861 285 970 385 annum
989 333 1098 387 civitem

79 403 358 544 gisebeirp'baobibbsnbi
372 403 468 456 lunam
480 403 696 458 dimensionibus
709 403 885 459 constitutum
899 403 989 458 edicto
999 404 1100 473 palam

153 616 251 670 Coum.
281 615 365 670 Bern.
394 617 426 669 in
453 616 560 670 Inican
584 617 626 684 X,
656 620 719 671 187.
761 616 899 670 Eudamus
929 622 994 684 post
1023 617 1105 671 VIII

80 704 186 742 annum
208 688 290 741 sotem
312 688 344 740 in
366 704 476 741 cursum
497 705 578 741 snum
595 688 669 742 dicit
685 688 795 755 reverti,
817 686 919 741 Caesar
933 695 999 756 post
1017 691 1100 757 quin·

81 759 239 826 qucnninm,
257 774 311 828 qno
325 765 436 827 peraeto
454 759 600 813 bissextum
618 776 672 813 esse
687 759 833 828 praecepit.
856 789 887 800 -
908 758 997 813 Sabat.
1015 759 1101 814 Guel-

80 830 147 896 ferb.
166 830 204 883 ad
226 830 340 883 einedern
362 846 481 883 oersurn:
508 830 646 884 Eudoxus
664 832 736 884 enim
754 831 791 884 ad
809 846 919 885 censum
937 846 1021 884 suurn
1036 839 1103 899 post

86 901 166 954 VIII
184 917 273 954 annos
295 901 376 954 solem
397 901 496 956 reverti
517 901 585 955 dicit
607 907 632 956 et
650 919 704 956 esse
722 918 828 955 annum
845 917 986 972 maqnum,
1008 901 1102 956 Gaius

80 988 143 1026 oero
167 971 268 1025 Caesar
291 977 354 1040 post
381 973 611 1041 quinquennium,
637 989 691 1042 qno
714 979 825 1041 peracto
849 973 890 1026 bis
914 979 1023 1027 sentum
1046 991 1103 1028 esse

79 1043 225 1111 praecepit.

155 1183 232 1238 Ooid.
252 1183 330 1239 Fast.
349 1185 417 1251 III,
432 1188 591 1239 155-166:

224 1291 278 1346 Sed
295 1297 385 1346 tarsen
403 1293 533 1346 errabant
550 1293 706 1346 etiamnunc
724 1298 857 1360 tempora,
876 1292 962 1346 donee

261 1363 386 1418 Caesaris
404 1364 435 1416 in
453 1363 546 1418 multis
564 1364 629 1418 baec
647 1379 750 1432 qnoque
768 1379 836 1417 eura
853 1363 917 1429 fuit.

224 1451 281 1488 non
298 1436 364 1488 baec
381 1435 428 1488 ille
445 1435 511 1489 dens
529 1439 672 1503 tantaeque
687 1434 852 1504 propaqinis
869 1440 968 1489 auctor

260 1505 375 1560 credidit
393 1506 492 1572 officiis
511 1521 565 1560 esse
583 1506 691 1560 minora
709 1505 781 1571 suis,

220 1577 438 1645 promissumque
455 1577 509 1630 sibi
526 1577 613 1631 ootnit
627 1592 803 1646 praenoscere
821 1575 926 1631 centurn

260 1664 309 1701 nec
327 1647 392 1701 dnos
411 1647 520 1717 iqnotos
537 1648 631 1716 hospes
648 1648 720 1701 inire
737 1647 836 1701 dornos.

242 1718 289 1772 itte
307 1734 397 1771 moras
415 1719 493 1782 sotis,
512 1719 611 1787 quibus
628 1719 660 1771 in
677 1735 730 1773 sua
747 1719 829 1789 siqnu
845 1719 955 1785 rediret,

260 1789 382 1842 traditur
400 1790 501 1843 exactis
518 1789 682 1858 disposuisse
701 1791 780 1844 notis.

225 1859 250 1913 is
268 1859 354 1913 decies
371 1875 449 1913 senos
467 1866 613 1916 tercentum
630 1867 655 1915 et
673 1861 792 1930 quinique
809 1861 905 1915 etiebrrs

261 1931 356 1984 innuit
373 1937 398 1984 et
416 1947 429 1984 e
443 1930 526 1998 pleno
544 1938 666 2000 tempora
684 1939 785 2001 quarta
802 1932 853 1986 die.

225 2002 269 2056 bic
286 2002 357 2055 anni
374 2003 470 2056 mortus
488 2008 532 2057 est.
570 2003 601 2056 in
620 2003 736 2058 lustrum
754 2004 876 2058 amesiae
893 2004 984 2070 debet,

261 2089 330 2142 quae
348 2080 550 2128 consummatur
564 2075 706 2142 partibus,
724 2091 784 2128 urea
801 2075 866 2129 dies.

152 2179 225 2234 Suet.
248 2179 321 2234 Caes.
341 2183 384 2234 40.
422 2181 497 2234 Ptin.
526 2181 594 2235 Nat.
620 2180 695 2235 Hist.
720 2181 844 2247 XVIII,
867 2184 930 2234 211.
970 2182 1103 2239 Maerob.

83 2251 140 2306 Sat.
160 2253 190 2318 I,
208 2255 256 2316 14,
275 2258 298 2304 1.
317 2254 343 2305 2.
381 2250 466 2306 Solia.
487 2257 517 2317 1,
538 2255 581 2305 45.
601 2255 645 2306 46.
684 2251 823 2306 Censorim.
847 2252 947 2306 dedic
971 2259 1103 2322 nat20,

82 2327 181 2377 8-11.
210 2327 256 2389 21,
275 2326 300 2376 7.
332 2326 440 2388 22,16.
479 2323 554 2377 Pbut.
575 2322 649 2377 ans.
669 2326 713 2377 59.
745 2322 868 2392 Appian.
889 2323 961 2378 Bell.
981 2326 1034 2380 cio.
1056 2329 1103 2393 II,

84 2397 146 2449 154.
183 2394 240 2448 Dio
260 2393 333 2448 Cass.
354 2394 472 2459 XLIII,
489 2397 535 2448 26.
572 2393 645 2465 [φά.
664 2394 697 2448 de
717 2395 827 2449 mensib.
847 2398 873 2463 3,
892 2397 918 2449 4.
