2414 3968
252 211 296 274 98
587 210 734 264 BELLUM
752 209 921 264 AFRIOUM.

251 354 393 420 hostium
411 373 436 419 x
457 354 589 420 milibus
606 354 791 438 fugatisque
809 354 1029 437 compluribus
1048 377 1082 419 se
1101 377 1201 439 recep

251 452 408 516 militibus
441 453 581 536 amissis,
612 452 722 535 paucis
751 452 867 515 sauciis
894 452 928 514 in
957 455 1061 515 castra
1088 474 1127 516 ac
1156 476 1172 516 s
1197 482 1202 509 ι

251 572 290 612 ex
317 550 431 613 itinere
460 554 533 614 ante
561 549 715 633 oppidum
742 548 906 633 Thapsum
938 550 1086 614 constitit
1110 549 1207 635 clep·

251 649 365 730 tosquc
395 664 480 710 LXIV
511 651 641 711 ornatos
670 650 872 730 armatosque
899 668 972 710 cum
999 648 1147 712 turribus
1175 671 1197 712 o

235 744 431 826 mentisque
456 743 555 826 capit,
587 745 697 826 captos
720 747 792 807 ante
816 744 969 828 oppidum
992 745 1170 810 instructos
1202 774 1207 804 ι

251 841 372 924 stituit,
403 841 438 904 id
467 839 530 903 hoc
562 839 709 923 consilio,
742 841 769 904 si
800 844 910 923 posset
932 838 1112 925 Vergilius,
1146 843 1205 925 qui

252 959 326 1001 cum
348 959 385 1002 eo
409 937 651 1019 obsidebantur,
678 937 724 1000 rei
752 937 834 1001 male
857 941 966 1023 gestae
989 959 1123 1002 suorum
1145 961 1197 1003 111·

217 1050 271 1098 aa
293 1034 470 1118 pertinacia
493 1034 613 1098 deduci.
652 1033 775 1098 Deinde
797 1034 866 1117 ipse
889 1031 1071 1116 Vergilium
1089 1056 1173 1119 appe

251 1131 463 1215 invitavitque
487 1131 527 1194 ad
550 1130 744 1194 deditionem
768 1152 921 1214 suamque
948 1129 1117 1194 lenitatem
1145 1136 1179 1196 et

251 1228 404 1291 mentium
422 1227 690 1292 commemoravit.
727 1226 828 1303 Quem
846 1230 1018 1310 postquam
1037 1228 1207 1293 animadv

217 1341 233 1387 3
252 1345 441 1408 responsum
464 1325 528 1390 sibi
551 1347 616 1388 non
635 1325 718 1407 dare,
741 1324 780 1387 ab
800 1323 917 1406 oppido
937 1323 1092 1388 discessit.
1129 1325 1207 1391 Pos

251 1421 302 1485 die
336 1423 444 1487 divina
475 1445 509 1486 re
541 1423 627 1487 facta
658 1421 806 1485 contione
838 1421 991 1485 advocata
1022 1422 1056 1485 in
1090 1444 1206 1507 consp

251 1519 484 1602 oppidanorum
520 1520 641 1583 milites
678 1517 848 1582 conlaudat
883 1521 1051 1602 totumque
1087 1522 1207 1585 exerci

250 1618 437 1679 veteranum
461 1616 602 1698 donavit,
624 1615 767 1699 praemia
787 1615 963 1678 fortissimo
987 1615 1102 1699 cuique
1126 1639 1165 1682 ae
1194 1648 1201 1675 ι

251 1713 385 1775 merenti
408 1734 466 1795 pro
490 1716 645 1795 suggestu
668 1710 793 1794 tribuit,
816 1733 852 1775 ac
875 1713 985 1775 statim
1005 1713 1080 1777 inde
1098 1713 1205 1799 ‹ngr--

251 1806 367 1871 Rebilo
395 1809 586 1891 proconsule
614 1829 687 1871 cum
709 1825 749 1871 111
771 1809 811 1871 ad
832 1808 996 1893 Thapsum
1020 1809 1203 1894 legioniba

253 1903 308 1968 Gn.
340 1905 484 1970 Domitio
523 1928 595 1970 cum
632 1904 755 1969 duabus
786 1904 964 1990 Thysdrae,
999 1907 1056 1971 ubi
1093 1906 1207 1974 Consi

251 2006 409 2085 praeerat,
437 2002 477 2065 ad
504 2000 713 2066 obsidendum
741 2001 875 2087 relictis,
902 2003 945 2067 M.
968 2003 1107 2069 Messala
1134 2004 1207 2072 Uti

253 2100 326 2161 ante
353 2099 529 2182 praemisso
559 2119 631 2163 oum
660 2099 805 2182 equitatu
837 2100 905 2183 ipse
933 2100 1044 2165 eodem
1070 2102 1135 2166 iter
1160 2103 1207 2168 f==

253 2195 425 2258 contendit.

219 2308 233 2355 1
318 2290 511 2356 LXXXVII.
565 2292 702 2377 Equites
746 2293 875 2357 interim
912 2291 1087 2378 Scipionis,
1128 2298 1186 2380 qui

252 2388 373 2472 proelio
405 2389 568 2473 fugerant,
605 2412 677 2454 cum
710 2388 839 2454 Uticam
874 2412 986 2455 versus
1019 2391 1082 2456 iter
1112 2392 1203 2459 facer

217 2502 233 2549 2
252 2486 444 2569 perveniunt
465 2485 505 2549 ad
528 2485 681 2569 oppidum
703 2486 852 2552 Paradae.
898 2485 965 2551 Ubi
988 2509 1060 2551 cum
1083 2489 1123 2554 ab
1150 2492 1204 2557 inc

252 2604 316 2647 nou
339 2569 565 2666 reciperehtvn,
587 2583 658 2646 ideo
682 2583 768 2667 quod
790 2583 876 2646 fama
899 2584 938 2647 de
960 2584 1096 2650 victoria
1118 2585 1200 2654 Caes

251 2679 536 2762 praecucurrisset,
562 2679 595 2743 vi
623 2679 740 2763 oppido
768 2681 865 2764 potiti
887 2681 922 2744 in
943 2682 1048 2746 medio
1070 2683 1143 2749 foro
1165 2685 1207 2765 hg

253 2776 447 2840 coacervatis
471 2775 683 2860 omnibusque
706 2777 802 2842 rebus
825 2800 862 2842 eo
885 2779 1045 2863 congestis
1063 2780 1204 2864 ignem:

253 2873 355 2936 iciunt
378 2875 473 2956 atque
497 2873 565 2937 cius
589 2873 698 2957 oppidi
721 2873 842 2939 incolas
864 2876 1017 2960 cuiusque
1035 2879 1162 2961 generis
1188 2909 1192 2935 ι

253 2969 359 3052 tisque
381 2969 472 3034 vivos
496 2970 749 3055 constrictosque
772 2972 806 3035 in
828 2973 990 3036 flammam
1009 2973 1151 3038 coiciunt
1168 2980 1202 3040 at

255 3065 301 3127 ita
337 3065 541 3130 acerbissimo
574 3067 728 3131 adficiunt
758 3069 930 3154 supplici03
967 3069 1079 3135 deinde
1114 3074 1201 3155 prot'

219 3178 235 3225 3
254 3161 383 3226 Uticam
403 3163 601 3246 perveniunt.
645 3163 815 3249 Superiora
838 3168 981 3249 tempore
1003 3165 1046 3230 Μ.
1066 3165 1156 3253 Cato,
1179 3192 1201 3254 q

254 3258 288 3321 in
310 3255 517 3324 Uticensibus
545 3264 677 3344 propter
702 3262 893 3326 beneficium
920 3262 1001 3347 legis
1026 3261 1127 3329 Iuliae
1150 3288 1185 3349 p:

255 3355 322 3419 suis
344 3356 490 3438 partibus
513 3357 663 3440 praesidii
686 3380 756 3423 esse
785 3359 1035 3444 existimaverat,
1063 3360 1193 3444 plebem

256 3474 374 3516 ermem
397 3453 514 3536 oppido
538 3455 674 3518 eiecerat
696 3460 729 3519 et
747 3459 821 3519 ante
838 3459 965 3538 portam
982 3455 1131 3522 bellicam
1150 3481 1204 3524 cas

254 3548 403 3635 fossaque
425 3550 559 3633 parvula
582 3551 748 3616 dumtaxat
774 3553 955 3617 muniverat
977 3553 1086 3637 ibique
1109 3576 1166 3621 cns
1189 3586 1196 3615 ι
