2414 3968
390 217 467 273 cur.
487 217 784 275 xxxnn-rnrvn.
1048 222 1092 286 25

83 362 240 426 tunitates
262 363 352 441 cidit,
384 363 471 446 quod
496 363 531 426 in
559 362 638 426 locis
662 363 880 446 superioribus
903 365 1011 429 nullus
1035 367 1092 430 im·

83 463 179 543 petus
210 459 397 543 repentinus
431 459 571 525 accidere
602 459 746 523 hostium
773 463 915 545 poterat,
947 465 980 526 et
1006 462 1093 545 quod

85 554 286 640 Cappadocia
307 555 360 620 his
383 556 469 642 iugis
493 556 637 621 subiecta
659 577 809 641 magnam
827 564 1024 624 commeatus
1043 582 1092 624 co·
1183 557 1185 561 ’

84 654 172 737 piam
195 656 264 717 erat
287 653 578 718 subministratura.

151 748 301 815 XXXVI.
338 749 524 834 Complures
552 750 682 815 interim
708 749 886 835 legationes
911 751 1125 816 Pharnacesl

85 847 126 911 ad
152 846 333 911 Domitium
359 847 475 930 mittit,
503 869 583 931 quae
612 847 650 911 de
676 870 754 931 pace
782 853 913 932 agerent
940 850 1091 934 regiaque

84 966 218 1008 munera
239 943 383 1008 Domitio
407 944 535 1008 ferrent.
580 943 631 1008 Ea
653 947 837 1009 constanter
858 945 965 1010 omnia
988 961 1127 1028 asper-2

84 1043 223 1106 nabatur
249 1063 307 1105 uec
335 1041 397 1105 sibi
426 1041 597 1125 quicquam
628 1041 697 1104 fore
730 1042 894 1125 antiquius
924 1064 1020 1126 quam
1048 1042 1092 1105 di·

85 1138 243 1223 gnitatem
264 1137 378 1221 populi
395 1137 533 1201 Romani
552 1142 583 1201 et
606 1158 706 1222 regna
724 1138 884 1203 sociorum
906 1161 1093 1223 recuperare

84 1235 201 1319 legatis
232 1234 453 1318 respondebat.
505 1233 633 1318 Magnis
665 1237 698 1297 et
729 1234 890 1299 continuis
922 1235 1128 1300 itineribusa

86 1331 239 1396 confectis
258 1353 330 1394 cum
354 1330 539 1395 adventaret
560 1332 600 1395 ad
616 1329 811 1414 Nicopolim,
835 1331 921 1415 quod
939 1333 1093 1416 oppidum

84 1429 229 1513 positum
247 1428 282 1492 in
295 1426 450 1492 Armenia
467 1427 590 1491 minore
605 1431 654 1490 est
671 1426 767 1511 plano
781 1427 888 1509 ipsum
906 1426 986 1511 loco,
1004 1450 1092 1492 mon-

85 1526 173 1590 tibus
203 1529 310 1590 tamen
340 1525 415 1589 altis
445 1525 485 1588 ab
516 1525 640 1588 duobus
667 1522 821 1586 lateribus
850 1522 983 1587 obiectis
1013 1525 1092 1587 satis

85 1644 202 1708 magno
217 1621 386 1687 intervallo
401 1623 441 1685 ab
456 1621 574 1705 oppido
593 1621 735 1704 remotis,
753 1623 857 1684 castra
874 1621 983 1703 posuit
996 1619 1092 1705 longe

85 1743 104 1784 a
126 1718 279 1802 Nicopoli
302 1719 428 1783 circiter
451 1718 541 1782 milia
563 1740 716 1801 passuum
738 1735 796 1781 vn.
835 1716 958 1794 Quibus
981 1739 1021 1782 ex
1044 1735 1129 1782 oar

85 1817 162 1882 stris
181 1838 254 1880 cum
275 1815 366 1880 locus
389 1820 546 1900 angustus
569 1819 665 1899 atque
688 1815 861 1898 impeditus
885 1818 970 1879 esset
991 1819 1092 1878 trans-

89 1913 222 1995 eundus,
238 1911 419 1976 Pharnaces
433 1914 468 1976 in
481 1911 607 1976 insidiis
622 1911 761 1976 delectos
778 1911 902 1995 pedites
921 1933 1093 1996 omnesque

85 2031 185 2093 paene
208 2008 367 2091 disposuit
389 2009 523 2092 equiteS,
545 2030 695 2092 magnam
723 2012 831 2073 autem
853 2008 1093 2073 multitudinem

85 2104 210 2189 pecoris
233 2103 319 2166 intra
341 2125 394 2168 eas
416 2105 525 2168 fauces
548 2104 696 2187 dissipari
720 2106 815 2169 iussit
837 2126 1043 2189 paganosque
1061 2111 1094 2170 et

86 2201 264 2284 oppidanos
282 2199 317 2262 in
334 2199 385 2264 his
404 2199 484 2264 locis
503 2200 679 2283 obversari,
702 2207 740 2265 ut
758 2202 826 2266 sive
845 2202 965 2265 amicus
983 2202 1092 2266 Domi·
1112 2217 1129 2265 5

85 2299 152 2363 tius
175 2319 228 2360 eas
252 2296 416 2380 angustias
439 2297 604 2379 transiret,
633 2296 716 2359 nihil
739 2297 777 2360 de
805 2298 931 2361 insidiis
955 2299 1093 2381 suspica-

84 2399 188 2478 retur,
220 2414 293 2457 cum
324 2392 359 2456 in
391 2394 478 2478 agris
507 2398 539 2457 et
572 2414 687 2476 pecora
719 2398 752 2456 et
777 2393 923 2458 homines
951 2395 1093 2458 animum

86 2493 266 2557 adverteret
293 2490 413 2555 versari
443 2495 608 2574 tamquam
638 2490 813 2555 amicorum
844 2490 995 2574 adventu,
1027 2491 1093 2556 sive

85 2589 236 2654 inimicus
254 2591 292 2651 ut
309 2587 344 2651 in
361 2586 505 2651 hostium
523 2587 603 2651 fines
621 2589 754 2672 veniret,
776 2588 894 2673 praeda
916 2588 1095 2671 diripienda

85 2686 204 2750 milites
229 2684 461 2768 dissiparentur
484 2684 681 2768 dispersique
705 2686 917 2750 caederentur.

152 2779 317 2846 XXXVII.
342 2780 431 2847 Haec
445 2803 518 2846 cum
532 2781 780 2866 administraret,
797 2803 973 2865 numquam
987 2785 1094 2845 tamen
1114 2800 1128 2845 r

85 2878 321 2944 intermittebat
347 2877 470 2964 legatos
499 2878 538 2943 de
567 2901 644 2963 pece
673 2885 769 2963 atque
796 2879 938 2943 amicitia
966 2878 1094 2944 mittere

86 2977 127 3040 ad
148 2976 338 3059 Domitium,
361 2998 433 3040 cum
455 2976 517 3040 hoc
540 2976 610 3059 ipso
634 2976 775 3040 crederet
795 2975 925 3039 facilius
948 2998 1021 3040 eum
1045 2976 1094 3039 de

87 3072 152 3155 cipi
179 3094 282 3155 posse.
327 3071 374 3137 At
400 3077 513 3137 contra
536 3094 609 3156 spes
637 3073 724 3156 pacis
746 3072 891 3137 Domitio
918 3073 953 3136 in
976 3073 1130 3137 eisdem2

87 3169 201 3233 castris
223 3169 369 3234 morandi
392 3170 503 3233 attulit
522 3191 659 3233 causam.
705 3167 757 3232 Ita
773 3167 955 3233 Pharnaces
978 3168 1096 3233 amissa

86 3264 227 3348 proximi
249 3265 402 3349 temporis
427 3265 591 3329 occasione
610 3265 742 3348 veritus,
764 3287 804 3329 ne
828 3269 1095 3350 cognoscerentur

86 3361 235 3445 insidiae,
262 3384 336 3426 suos
364 3363 397 3426 in
426 3365 530 3426 castra
558 3361 728 3426 revocavit.
773 3361 937 3427 Domitius
965 3363 1129 3445 posteros

87 3457 138 3520 die
160 3457 293 3540 propius
314 3456 499 3542 Nicopolim
527 3459 662 3523 accessit
690 3462 856 3543 castraque
880 3457 997 3543 oppido
1024 3478 1094 3521 con·

85 3553 171 3619 tulit.
219 3552 305 3630 Quae
329 3554 404 3619 dum
427 3556 579 3619 muniunt
596 3555 709 3639 nostri
731 3554 912 3621 Pharnaces
931 3554 1031 3618 aciem
1050 3553 1095 3616 in-
