2414 3968
436 243 512 298 OAP.
531 240 709 300 LXI-LXV.
1029 245 1073 309 85

61 391 135 453 rant
157 411 177 453 a
198 392 296 473 portu
318 387 409 452 milia
429 409 584 472 passuum
601 406 652 472 vl,
675 409 757 473 aquo
780 388 920 453 admisso
944 390 1071 454 omissis

63 486 214 549 omnibus
236 485 333 549 rebus
352 483 498 549 celeriter
519 485 665 569 pervenit
682 484 811 569 Leptim
834 485 944 569 ibique
966 485 1071 550 horta-

62 586 130 666 tur,
158 604 268 647 omnes
291 585 329 645 ut
351 603 385 646 se
407 603 504 646 naves
528 586 810 666 consequerentur;
839 581 979 666 [postea]
1002 582 1072 665 ipse

62 679 233 763 parvulum
265 678 464 763 navigiolum
496 678 693 763 conscendit,
725 680 760 743 in
791 700 887 744 cursu
918 677 1072 762 Aquilam

62 775 269 841 multitudine
287 775 418 841 narium
436 775 644 860 perterritum
658 779 754 859 atque
767 775 981 859 trepidantem
999 798 1071 840 uac-

62 879 115 938 tus
137 873 281 938 hostium
304 873 439 938 classem
463 875 556 958 sequi
578 873 692 957 coepit.
737 871 872 938 interim
895 869 1001 937 Vama
1024 890 1106 937 cea

61 970 188 1035 leritate
216 969 361 1035 Caesaris
390 970 584 1055 audaciaque
612 974 791 1034 commotus
821 991 895 1034 cum
923 970 1073 1033 universa

62 1067 162 1132 classe
176 1067 338 1132 conversis
352 1067 489 1132 navibus
503 1067 738 1132 Hadrumetum
749 1088 861 1131 versus
874 1066 986 1151 fugere
1001 1087 1072 1130 con-

61 1164 173 1229 tendit.
219 1162 322 1240 Quem
341 1162 458 1229 (laasar
479 1165 515 1228 in
536 1163 670 1229 milibus
692 1184 846 1246 passuum
868 1181 905 1226 ιν
926 1181 1108 1228 consecua

62 1266 115 1326 tus
137 1265 326 1345 recuperata
347 1262 572 1347 quinqueremi
591 1281 664 1326 cum
682 1260 750 1324 suis
769 1259 918 1324 omnibus
936 1259 1073 1344 epibatis
1165 1299 1170 1312 ·

62 1363 158 1442 atque
177 1357 275 1422 etiam
294 1357 439 1422 hostium
453 1356 642 1422 custodibus
657 1373 751 1421 cxxx
764 1356 799 1420 in
817 1379 855 1420 ea
871 1378 952 1421 nave
971 1357 1073 1439 captis

61 1456 225 1520 triremem
242 1453 387 1519 hostium
405 1455 596 1538 proximam,
619 1476 700 1538 quaa
723 1454 758 1518 in
777 1453 985 1537 repugnando
1004 1457 1073 1517 erat

61 1555 271 1636 commorata,
308 1555 458 1616 onustam
489 1551 650 1634 remigum
682 1550 946 1634 epibatarumque
978 1549 1072 1633 cepit.

61 1648 217 1731 Reliquae
240 1669 337 1712 naves
360 1647 504 1712 hostium
526 1648 787 1732 promunturium
813 1650 1005 1731 superarunt
1027 1649 1108 1712 aba

62 1768 123 1830 que
141 1744 376 1809 Hadrumetum
394 1745 429 1810 in
442 1745 613 1811 cothonem
627 1767 662 1809 se
676 1745 843 1809 universae
860 1743 1072 1809 contulerunt.

62 1841 177 1906 Caesar
196 1841 307 1905 eodem
324 1846 421 1908 vento
439 1844 699 1926 promunturium
718 1862 869 1926 superare
882 1863 947 1905 non
965 1842 1073 1924 potuit
1091 1858 1107 1906 6

62 1942 158 2021 atque
195 1937 229 2001 in
261 1937 329 2001 salo
361 1939 395 2002 in
427 1940 552 2004 ancoris
584 1940 694 2004 eadem
731 1943 825 2003 noete
857 1941 1073 2003 commoratus

61 2036 165 2119 prima
187 2032 258 2097 luce
273 2033 511 2100 'Hadrumetum
534 2035 655 2100 accedit
678 2036 787 2119 ibique
810 2035 946 2099 navibus
965 2056 1073 2099 onera-

62 2134 134 2216 riis,
162 2153 243 2216 quae
266 2134 358 2195 erant
380 2135 472 2196 extra
494 2132 675 2215 cothonem,
697 2132 836 2196 incensis
860 2131 1074 2215 omnibusque

62 2229 195 2312 reliquis
210 2227 250 2290 ab
271 2227 312 2306 iis
327 2226 383 2291 aut
396 2228 564 2293 subductis
583 2232 639 2293 aut
656 2228 691 2292 in
709 2228 880 2292 cothonem
899 2227 1085 2312 compulsis

62 2326 225 2413 paulisper
248 2328 472 2409 commoratus,
495 2325 523 2388 si
546 2325 629 2390 forte
647 2324 770 2389 vellent
788 2324 889 2389 classe
913 2324 1073 2464 dimicare,

62 2445 173 2489 rursus
197 2443 231 2485 se
254 2420 408 2504 recepit
398 2443 433 2484 m
456 2425 570 2486 castra

127 2516 263 2584 LXIHL
302 2516 341 2581 In
363 2539 401 2582 ea
422 2538 503 2583 nave
527 2522 640 2602 captus
664 2524 713 2583 est
699 2518 770 2584 t.P
794 2517 1106 2612 Vestnus,eques1

61 2621 236 2700 Romanus,
258 2619 292 2680 et
314 2614 349 2679 P
371 2614 522 2699 Ligarius
545 2614 755 2700 Afranianus,
782 2637 877 2701 quern
901 2614 1048 2680 Gaesar'
1039 2638 1073 2679 ιιι

61 2714 220 2799 Hispania
238 2734 311 2778 cum
329 2711 462 2795 reliquis
482 2712 655 2797 dimiserat,
679 2717 711 2776 et
733 2716 807 2797 post
808 2734 846 2776 ca
868 2734 902 2776 se
921 2712 961 2775 ad
979 2710 1072 2776 Pom·

62 2813 168 2896 peium
199 2808 391 2892 contulerat,
422 2808 495 2873 inde
524 2831 563 2874 ex
591 2809 714 2895 proelio
743 2810 899 2895 effugerat
928 2810 961 2873 in
987 2809 1072 2874 Afri-

63 2930 194 2992 camque
222 2908 262 2971 ad
285 2904 409 2973 Varum
436 2910 580 2991 venerat,
611 2929 706 2991 quem
735 2907 776 2970 ob
803 2906 981 2990 periurium
1003 2930 1072 2990 per·

61 3005 233 3088 fidiamque
248 3003 364 3069 Caesar
381 3003 477 3067 iussit
495 3005 610 3070 necari.
646 3003 681 3069 P.
696 3002 827 3068 Vestrio
846 3007 962 3087 autem,
986 3005 1072 3087 quod
1091 3023 1106 3070 a

63 3102 131 3165 eius
158 3101 257 3164 frater
283 3099 406 3165 Romae
432 3101 601 3184 pecuniam
629 3102 819 3186 imperatam
841 3105 1072 3185 numeraverat,

63 3203 95 3263 ct
123 3197 208 3282 quod
235 3199 304 3282 ipse
331 3220 423 3262 suam
451 3219 579 3263 causam
605 3198 797 3284 probaverat
823 3196 964 3281 Caesari,
997 3221 1030 3262 se
1054 3220 1091 3273 a,

61 3293 188 3359 Nasidii
212 3293 312 3359 elassa
335 3299 473 3380 captum,
497 3317 570 3360 cum
593 3296 634 3359 ad
655 3316 764 3359 necem
784 3294 960 3378 duceretur,
978 3295 1071 3367 bene-

22 3471 30 3488 ,
61 3393 134 3456 ficio
154 3390 233 3456 Vari
252 3411 320 3456 esse
339 3396 510 3476 servatum,
533 3397 645 3476 postea
663 3392 725 3456 sibi
743 3391 929 3456 facultatem
948 3390 1072 3454 nullam

62 3490 169 3553 datam
192 3489 392 3573 transeundi,
414 3490 547 3574 ignovit.

126 3585 224 3650 LXV.
265 3585 327 3649 Est
350 3586 383 3649 in
405 3583 517 3650 Africa
540 3586 735 3651 consuetudo
758 3585 948 3669 incolarum,
976 3588 1014 3648 ut
1035 3585 1069 3648 in
1090 3602 1104 3649 1
