2414 3968
238 208 270 264 A.
290 206 405 262 HIRTH
422 207 659 262 FRAGMENTA.
686 207 895 264 EPISTULAE.
1004 209 1069 274 223

393 395 419 432 a.
433 394 461 432 u.
476 394 498 432 ο.
517 376 644 432 D001X
661 381 730 446 (45).
1068 365 1164 448 ,teg-„⁰4

264 466 323 521 AD
342 466 385 520 Dr.
407 467 599 522 TULLIUM
615 465 861 522 croDDoNDDA
903 494 906 499 -
1099 460 1150 513 (u).

129 573 183 629 Cic.
198 573 236 628 aei
249 572 306 628 Au.
321 573 396 640 XII,
409 576 454 642 35,
468 578 485 627 1
501 577 538 642 (a.
552 574 580 628 i.
594 574 652 627 III
661 573 727 627 Kal.
742 573 833 642 Apr).
857 573 951 630 Hirtii
967 573 1069 643 epistu-

57 645 113 700 lam
130 645 182 701 tibi
199 645 264 699 misi
281 651 306 700 et
322 650 452 699 recentem
470 651 495 699 et
513 645 634 700 bmcoole
651 645 788 713 scriptam.

59 731 62 739 ’
128 734 184 790 Cic.
198 735 236 788 mi
249 732 306 788 Au.
327 733 859 802 X11,3r,r(a.a.111Nou.Mat.).
897 735 1007 790 Hirtius
1032 735 1070 788 ai

56 822 98 861 uu
114 806 224 875 scripsit
242 805 303 860 Sea.
323 805 484 874 Pompeium
503 803 631 859 Corduba
648 805 734 859 emisse
751 811 777 859 et
793 806 896 875 fupisse
913 807 946 861 iu
963 805 1069 874 Hispa-

56 878 134 932 niam
151 878 308 944 citeriorem,
327 875 376 930 Cu.
394 877 497 946 fupisse
509 876 599 930 uescio
613 891 681 945 quc,·
699 892 784 945 neque
797 877 869 930 euim
886 893 959 932 euro.
988 877 1070 932 Nihil

27 1011 29 1014 ,
54 951 196 1018 praeterea
213 949 285 1002 uoci.
313 947 435 1002 litteras
453 946 585 1001 Narbome
604 947 680 1001 dedit
697 947 777 1001 XIV
792 947 858 1001 Kal.
879 948 984 1003 Maias.

129 1036 183 1092 Cic.
198 1037 236 1090 mi
249 1037 306 1092 Ati.
322 1036 395 1102 XII,
409 1038 485 1102 Ano
504 1038 543 1103 (a.
556 1035 583 1088 i.
603 1034 648 1088 VI
661 1035 706 1089 Id.
722 1035 817 1105 Mai).
854 1037 947 1093 Hirtii
969 1037 1069 1106 epistu

57 1107 114 1163 lam
134 1109 160 1163 si
183 1109 290 1179 leporis,
313 1123 382 1176 quae
404 1107 472 1160 mclii
493 1106 575 1175 quasi
596 1103 763 1176 πρόπλασμα
786 1108 894 1163 uicietm
916 1109 974 1163 eius
998 1109 1070 1163 ritu·

54 1180 216 1249 peratiouis,
234 1196 317 1248 quam
336 1178 438 1232 Caesar
454 1177 565 1246 scripsit
582 1177 615 1231 de
635 1177 745 1244 Catum,
762 1178 848 1245 facies
865 1196 914 1248 me,
933 1179 1001 1249 quid
1018 1180 1070 1234 tibi

56 1251 145 1306 usum
162 1251 207 1318 sit,
225 1251 251 1304 si
267 1249 319 1305 riti
337 1250 389 1304 erit
406 1249 581 1315 commodum,
599 1249 744 1304 certiorem.

269 1435 328 1490 AD
348 1436 379 1489 r.
399 1419 654 1489 POMPONIUM
669 1434 861 1492 ADDIDUM.

129 1541 184 1597 Cic.
203 1542 241 1597 aei
254 1542 312 1596 Au.
327 1542 406 1608 XII,
419 1544 499 1608 AA,1
519 1545 557 1610 (a.
576 1541 602 1595 a.
621 1541 679 1595 III
692 1542 847 1611 Iactat).
884 1543 926 1598 Dr
942 1543 1070 1600 Hirtium

56 1613 166 1682 aliquid
183 1613 221 1668 aci
238 1619 263 1668 te
282 1616 437 1682 συμπαθῶς
458 1613 491 1666 de
509 1628 550 1666 me
567 1612 706 1681 scripsisse
729 1615 812 1681 focile
831 1615 927 1683 patior
949 1647 983 1654 —
1005 1616 1071 1683 fecit

56 1686 128 1740 euim
145 1685 264 1738 humaue
282 1716 316 1723 —
334 1690 360 1739 et
378 1689 403 1738 te
425 1684 483 1738 eius
505 1684 651 1752 epistulam
673 1685 711 1740 aei
728 1702 769 1740 me
786 1701 844 1739 uou
863 1686 967 1741 misisse
985 1688 1070 1742 multo

54 1756 185 1824 facilium
202 1762 234 1810 tu
252 1756 324 1809 emim
341 1755 424 1809 ctiam
441 1755 597 1809 humanius.

187 1955 190 1959 ’
264 1942 323 1997 AD
343 1942 386 1996 M.
408 1941 599 1997 TULLIUM
616 1940 864 1998 CICERONEM.

128 2049 183 2105 Cic.
197 2049 236 2104 ari
249 2048 306 2105 Au.
321 2049 412 2115 XIII,
426 2053 474 2116 21,
489 2055 503 2102 1
524 2052 562 2117 (a.
576 2048 603 2101 i.
618 2048 668 2101 IV
679 2048 745 2102 Kal.
762 2048 856 2117 Sext).
882 2048 929 2103 Asi
942 2049 1070 2106 Hirtium

55 2121 183 2176 dederam
200 2120 347 2190 epistulam
364 2136 430 2175 saue
447 2120 593 2190 proadem,
611 2136 693 2188 quam
715 2120 877 2188 scripseram
895 2121 1070 2189 proximem

57 2192 223 2248 Tusculomo.
259 2191 346 2258 Huic,
363 2208 446 2260 quum
463 2197 495 2245 ta
513 2191 581 2245 milii
598 2190 705 2258 misisti,
723 2192 870 2245 rescribam
887 2192 967 2246 alias.

401 2378 428 2415 a.
442 2377 470 2414 u.
484 2377 506 2415 c.
525 2359 635 2414 DCCX
651 2363 721 2428 (44).
1077 2372 1097 2401 a.
1108 2371 1131 2402 u.
1140 2370 1161 2401 c.

263 2448 322 2503 AD
341 2448 383 2503 M.
405 2448 598 2503 rusulum
615 2447 863 2503 ozoDDoDDD.
1082 2413 1163 2519 ¹³33?

128 2555 182 2612 Cic.
202 2556 240 2611 aci
256 2555 314 2610 Au.
334 2556 402 2623 XV,
421 2560 438 2610 5
442 2596 451 2623 ,
469 2558 489 2609 2
507 2559 600 2624 (reem.
617 2555 712 2623 Mai).
754 2555 790 2610 Ut
813 2561 845 2609 tu
869 2554 902 2609 de
924 2554 1070 2622 prooiucia

54 2627 143 2683 Bruti
163 2633 189 2682 et
208 2626 299 2682 Cassii
316 2644 368 2697 per
390 2628 666 2693 senatusconsultum,
688 2627 730 2680 ita
751 2626 847 2681 scribit
868 2632 894 2680 et
915 2626 1023 2679 Balbus
1045 2631 1071 2680 et

54 2698 170 2754 Hirtius
183 2698 202 2769 Τ
215 2699 323 2768 quidem
336 2715 364 2752 se
377 2699 395 2768 †
409 2704 535 2752 acturum
550 2729 581 2737 -
592 2698 690 2752 eteuim
703 2699 760 2751 iam
773 2699 805 2750 iu
817 2697 973 2751 Tusculano
987 2702 1026 2751 est
1035 2728 1069 2736 -

54 2770 183 2841 miliique,
200 2775 233 2824 ut
250 2770 346 2836 absim,
363 2770 525 2823 uehementer
543 2775 638 2823 auctor
655 2775 703 2835 est,
721 2775 746 2823 et
763 2769 810 2822 iile
828 2768 936 2837 quidem
949 2767 1070 2836 periculi

55 2858 150 2908 causa,
167 2840 240 2910 quod
257 2841 311 2895 srlri
329 2841 411 2894 etiam
428 2841 513 2906 fuisse
531 2840 606 2894 dicit.

128 2911 182 2966 Cic.
197 2911 235 2966 aci
249 2912 306 2966 Au.
321 2911 389 2978 XV,
403 2915 435 2978 6,
449 2915 475 2966 2.
491 2915 508 2964 3
528 2911 606 2978 (Kal.
621 2912 708 2978 Ium).
745 2908 854 2963 Hirtius
873 2907 1000 2964 Ciceroni
1018 2926 1068 2964 suo

55 2982 107 3037 sul.
122 2983 233 3036 Rusone
247 2981 306 3036 ium
317 2980 458 3049 redierim,
469 2980 589 3050 quaeris.
612 2984 657 3034 An
667 2996 728 3050 ego,
738 2998 824 3048 quum
838 2996 933 3035 omnes
948 2979 1068 3050 caleant,

54 3053 197 3125 ignaviter
215 3052 324 3122 aliquid
342 3052 463 3108 faciam?
482 3052 569 3107 etiam
586 3068 620 3105 ex
633 3052 702 3105 urbe
721 3069 782 3104 sum
800 3051 951 3122 profectus,
969 3050 1068 3105 utilius

54 3124 131 3180 enim
157 3123 245 3179 statui
271 3124 382 3179 abesse:
407 3124 460 3177 has
483 3122 538 3177 tibi
564 3121 675 3177 litteras
703 3121 797 3176 exiens
823 3122 855 3175 in
880 3121 1069 3176 Tusculanum

55 3195 167 3266 scripsi3
185 3195 245 3250 noli
264 3198 359 3249 sutem
376 3211 421 3248 me
438 3197 499 3249 tam
517 3196 661 3248 strenuum
678 3196 787 3263 putare,
806 3196 839 3247 ut
858 3193 894 3247 ad
907 3194 1004 3249 Nonus
1026 3210 1069 3247 re·

55 3283 179 3334 curram
197 3265 271 3320 nihil
289 3265 364 3321 enim
382 3265 440 3320 iam
457 3265 538 3320 video
558 3281 626 3334 opus
645 3281 705 3318 esse
726 3268 823 3319 nostra
841 3281 916 3333 cura,
935 3264 1069 3334 quoniam

54 3337 199 3410 praesidis
217 3339 282 3391 sunt
300 3337 331 3391 in
348 3340 392 3392 tot
407 3354 494 3391 snnos
511 3336 630 3406 provisu.
658 3337 761 3389 Brutus
776 3338 805 3389 et
819 3334 931 3390 Cassius
949 3335 1067 3403 utinam,

55 3425 143 3479 quam
160 3407 244 3462 facile
264 3425 281 3462 s
298 3410 328 3462 te
347 3409 381 3462 de
399 3424 444 3462 mo
462 3407 612 3477 impetrare
630 3409 760 3488 possunt,
780 3405 822 3460 ita
839 3423 889 3477 per
907 3410 936 3461 tc
955 3423 1068 3463 exoren-

54 3482 115 3551 tur,
137 3495 173 3534 ne
196 3480 272 3560 quod
295 3479 415 3533 calidius
440 3478 537 3533 ineant
560 3478 721 3533 cons1l1um1
746 3478 877 3532 cedentes
900 3477 975 3532 enim
997 3478 1068 3532 haec

56 3551 99 3606 uis
113 3550 257 3621 scrips1sse
271 3583 305 3590 —
319 3568 374 3620 quo
395 3552 444 3604 aut
458 3557 563 3619 quare?
580 3548 678 3617 retine,
698 3549 813 3604 obsecro
827 3551 865 3618 te,
885 3548 988 3618 Cicero,
1002 3548 1067 3603 illos

55 3625 85 3678 st
101 3621 162 3678 noli
179 3621 270 3676 sinere
291 3623 362 3676 haec
381 3621 476 3677 omnia
493 3620 598 3692 perire,
621 3636 696 3691 quse
712 3619 847 3676 funditus
863 3622 975 3674 nutius
992 3616 1086 3667 ‘istm
