2414 3968
460 179 673 235 PRAEFATIO.
1021 180 1074 236 VII

61 333 202 412 eligerem
221 349 281 408 eae,
303 331 412 406 quibus
430 333 540 407 uterer,
559 332 671 391 ceteras
690 330 843 406 abicerem,
863 332 974 408 quippe
999 351 1072 408 qua

60 443 128 482 rum
155 422 313 498 plerasque
337 420 504 496 desperatio
531 420 661 495 fecisset,
684 439 744 480 non
767 438 799 478 se
825 419 975 496 dubitare,
999 421 1072 497 quin

60 512 87 571 si
115 514 182 571 octo
210 509 313 568 diebus
341 511 410 585 post
436 509 546 569 iterum
570 509 652 570 hunc
679 509 924 568 commentarium
951 510 1072 587 legeret,

61 601 98 658 de
120 599 258 676 plurimis
277 599 349 657 locis
369 598 456 657 aliter
477 597 665 656 iudicaturus
685 601 770 673 esset,
793 600 893 657 tamen
913 616 931 656 a
952 617 1000 656 me
1018 599 1071 657 im·

61 692 180 765 petrare
211 706 271 747 non
302 687 401 762 potui,
433 689 469 744 ut
500 690 587 747 notas
618 687 866 746 Mommsenianas
897 687 929 745 in
957 687 1073 746 scriniis
1130 715 1131 719 ,

61 778 135 835 meis
159 776 330 836 delitescere
348 776 474 835 sinerem
497 775 599 851 eisque
617 775 749 835 homines
769 775 870 836 doctos
894 776 1072 835 fraudarem.

61 866 136 925 Post
161 866 377 926 Mommsenum
406 864 458 940 qui
485 867 731 924 commemoretur
761 882 848 924 nemo
878 867 924 924 est
955 864 1074 942 dignior

63 954 166 1014 (lurtio
185 952 360 1029 Flcischero,
383 954 549 1029 professore
572 951 728 1028 Gymnasii
747 952 874 1029 Sanctae
892 954 984 1013 Afrae
1003 953 1072 1012 Mis·

61 1043 169 1103 nensis.
202 1040 260 1110 Qui
284 1042 425 1118 quoniam
444 1042 550 1101 abhinc
568 1043 630 1102 fere
648 1042 757 1120 viginti
776 1059 868 1103 annos
887 1043 1020 1118 primum
1036 1042 1073 1100 de

62 1133 139 1191 bello
167 1130 358 1206 Hispaniensi
386 1130 568 1191 emendando
596 1131 681 1190 docte
714 1130 867 1207 disseruit,
900 1131 968 1190 inde
998 1150 1073 1190 nun·

62 1239 154 1296 quam
176 1220 264 1287 desiit
292 1220 361 1279 huic
383 1219 483 1280 libello
506 1219 691 1279 restituendo
715 1237 818 1279 curam
845 1220 997 1296 impertire
1020 1237 1074 1279 nec

60 1309 161 1368 minus
175 1327 267 1384 quam
286 1309 444 1384 quinquies
463 1311 532 1384 post
549 1309 677 1384 primam
695 1326 781 1367 suam
796 1309 1074 1370 commentationem

62 1397 99 1456 de
123 1418 156 1458 eo
176 1398 246 1476 egit.
278 1398 376 1462 Huius
400 1398 546 1473 opuscula
568 1398 599 1455 in
623 1400 772 1473 apparatu
790 1397 893 1457 critico
916 1399 960 1457 ita
983 1398 1073 1475 signi·

59 1487 160 1546 ficari:

106 1568 269 1636 Illeischer1
283 1601 325 1623 =
341 1573 570 1635 Observationes
589 1575 709 1634 criticae
728 1576 764 1634 de
781 1576 860 1636 bello
874 1575 1073 1651 Hispaniensi,

340 1664 443 1741 Progr.
462 1664 549 1722 Misn.
570 1666 664 1724 1876.

107 1744 270 1811 Fleischer²
284 1779 326 1800 =
341 1753 385 1812 Zu
405 1752 514 1812 Caesar
536 1752 598 1810 und
621 1754 722 1823 seinen
744 1754 941 1828 Fortsetzem,
964 1752 1073 1811 Annal.

341 1841 483 1900 Fleckeis.
516 1842 582 1901 Vol.
603 1841 712 1900 oxvss
737 1837 851 1918 (1878)
876 1862 905 1918 p.
922 1836 984 1902 273
1000 1859 1043 1917 sq.

106 1920 270 1988 Fleischcr³
284 1955 325 1976 =
340 1929 502 1988 Kritisches
530 1929 593 1988 und
619 1931 828 2009 Exegetisches
861 1950 928 1988 zum
955 1930 1075 1988 Bellum

344 2016 492 2076 Gallicum
514 2018 577 2076 und
599 2018 718 2076 Bellum
740 2019 946 2094 Hispaniense,
970 2019 1073 2096 Progr.

253 2155 259 2164 .
341 2106 428 2164 Misn.
454 2106 547 2165 1879.

107 2185 271 2252 Fleischer4
285 2218 327 2240 =
342 2194 387 2251 Zu
406 2192 514 2252 Caesar
536 2194 599 2252 und
622 2195 722 2253 seinen
745 2195 942 2270 Fortsetzern,
965 2194 1074 2253 Annal.

342 2281 483 2340 Fleckeis.
515 2281 581 2342 Vol.
602 2281 694 2340 CXIX
719 2279 833 2359 (1879)
857 2303 886 2358 p.
902 2284 964 2341 849
981 2301 1024 2357 sq.

107 2361 270 2430 Fleischer⁵
284 2395 325 2418 =
341 2369 556 2439 Quaestionum
592 2370 628 2428 de
664 2371 741 2430 bello
777 2371 969 2446 Hispaniensi
1004 2388 1074 2446 pars

343 2459 447 2535 altera,
469 2458 572 2537 Progr.
591 2459 677 2518 Misn.
704 2459 797 2518 1885.

107 2540 270 2607 Fleischer⁶
284 2572 326 2595 =
340 2547 488 2606 Kritischc
502 2548 564 2606 und
574 2548 758 2626 exegetische
767 2548 995 2625 Bemerlrungen
1007 2567 1075 2605 zum

364 2636 483 2695 Bellum
501 2637 707 2713 Hispaniense,
730 2637 833 2714 Progr.
850 2636 936 2695 Misn.
963 2636 1055 2695 1895.

60 2726 114 2784 Bis
147 2725 183 2784 de
215 2728 316 2785 nostro
354 2725 564 2785 commentario
601 2726 719 2803 egregie
755 2725 895 2784 dissensit
926 2724 1074 2784 Robcrtus

61 2815 182 2888 Novak,
210 2815 360 2889 professor
381 2813 552 2892 Pragensis,
579 2815 710 2890 primum
737 2814 768 2872 in
795 2813 882 2893 Listy
908 2807 1075 2891 filologickd

65 2904 150 2961 1888
174 2923 202 2977 p.
219 2905 292 2979 8sq.
311 2895 410 2983 (nobis
425 2896 617 2980 Novakius¹),
640 2903 745 2962 deinde
769 2903 800 2960 in
820 2896 915 2962 Oeske
938 2920 1074 2960 museum

62 2985 229 3068 filologicke'
261 2992 294 3049 T.
317 2991 364 3049 ΙΠ
398 2988 511 3068 (1897)
545 3012 574 3067 p.
599 2993 639 3051 33
665 3010 708 3068 sq.
747 2988 844 3069 (nobis
881 2982 1073 3067 Novakius2).

63 3079 176 3137 Multas
204 3080 350 3154 speciosas
379 3080 598 3140 observationes
621 3080 657 3138 de
685 3098 818 3140 sermone
846 3079 975 3139 auctoris
1003 3080 1074 3139 belli

62 3167 268 3242 Hispaniensis
303 3168 583 3244 emendationesque
619 3168 778 3227 Eduardus
806 3168 1007 3229 Woelfflinius
1043 3169 1074 3226 in

63 3255 205 3314 Archivio
237 3255 488 3334 Lexicographiae
519 3257 571 3316 lat.
599 3275 667 3334 suo,
699 3257 858 3316 nonnullas
891 3276 1010 3332 quoque
1043 3257 1074 3315 in

64 3343 272 3404 dissertatione
303 3345 421 3405 Nicolai
448 3346 550 3422 Vulit,
580 3364 656 3420 quae
688 3346 860 3405 inscribitur
890 3345 1074 3406 Historische

63 3431 334 3510 Untersuchungen
352 3452 420 3492 zum
437 3434 556 3493 Bellum
570 3434 766 3510 Hispaniense
787 3431 948 3512 (Miinchen
965 3430 1074 3511 1896),

63 3521 177 3598 publici
200 3521 273 3579 iuris
296 3521 375 3580 fecit.
406 3520 550 3582 Omnibus
573 3523 619 3581 his
637 3523 710 3582 viris
729 3523 832 3600 doctis,
856 3524 909 3599 qui
932 3525 987 3582 aut
1008 3542 1074 3599 pre-

65 3611 148 3669 cibus
170 3609 244 3668 meis
266 3630 378 3670 morem
401 3613 537 3689 gerentes
561 3612 734 3672 collationes
757 3630 826 3672 suas
849 3611 922 3670 mihi
945 3611 1075 3671 credide·
