2414 3968
454 219 531 276 cAP.
550 220 734 276 xum-xa
1055 220 1098 284 59

82 369 177 430 turae
206 369 319 449 quater
346 368 451 449 tanto,
478 364 656 450 sagittariis
680 387 716 430 ac
744 365 962 430 funditoribus
984 363 1098 448 hippo·

83 462 271 546 toxotisque
289 461 522 545 compluribus:
545 460 597 526 his
612 462 713 545 copiis
731 462 813 546 prid.
826 460 910 527 Non.
929 460 1006 545 Ian,
1023 466 1099 545 post

85 558 170 623 diem
193 576 239 642 VI,
263 580 359 642 quam
377 556 521 623 Africam
549 555 666 623 Caesar
688 559 807 645 attigit,
831 559 866 623 in
889 558 1010 642 campis
1032 557 1098 642 pla-

82 655 228 719 nissimis
255 655 501 739 purissimisque
528 654 569 719 ab
598 653 680 719 hora
707 657 770 720 diei
793 657 907 740 quinta
933 656 1098 740 usquead

85 751 163 831 solis
187 773 335 816 occasum
358 755 408 817 111
431 751 637 816 decertatum.
681 749 721 816 In
744 773 782 817 1ο
804 751 928 836 proelio
950 750 1097 816 Petreius

85 849 228 934 graviter
250 849 334 913 ictus
357 870 398 913 ex
421 849 488 913 acie
510 848 651 913 recessit.

152 945 222 1010 XX.
253 945 370 1010 (laesor
387 945 518 1010 interim
532 949 636 1010 castra
653 945 779 1011 munire
794 946 991 1031 diligentius,
1008 967 1096 1030 prae·
1116 959 1130 1008 1

84 1043 168 1107 sidia
198 1043 327 1108 firmare
355 1043 457 1126 copiis
489 1042 665 1107 maioribus
691 1042 877 1127 vallumque
907 1044 947 1107 ab
977 1042 1096 1126 oppido

83 1139 231 1223 Ruspina
257 1161 360 1224 usque
388 1138 429 1203 ad
457 1160 545 1203 mare
576 1138 690 1224 ducere
720 1143 752 1204 et
774 1162 794 1203 a
817 1140 931 1205 castris
959 1139 1096 1203 alterum

84 1237 206 1321 eodem,
229 1259 292 1321 quo
315 1237 418 1302 tutius
436 1236 523 1300 ultro
542 1235 687 1321 citroque
702 1241 899 1302 commeatus
913 1236 1096 1320 auxiliaque

85 1335 154 1398 11111
177 1333 320 1417 periculo
339 1334 403 1398 sibi
422 1353 607 1399 succurrere
625 1337 767 1418 possent,
789 1332 855 1398 tela
872 1337 1096 1417 tormentaque

83 1454 126 1496 ex
147 1431 284 1497 naribus
307 1431 341 1495 in
364 1434 470 1496 castra
492 1433 703 1513 comportare,
728 1428 887 1514 remigum
909 1433 1034 1513 partem
1056 1451 1097 1494 ex

86 1527 201 1613 classe,
230 1525 409 1611 Gallorum,
436 1525 653 1610 Rhodiorum,
683 1526 947 1610 epibatarumque
973 1547 1096 1590 armare

84 1629 118 1690 et
145 1625 180 1689 in
208 1628 313 1689 castra
340 1645 486 1708 evocare,
517 1622 580 1707 uti,
613 1623 642 1687 si
669 1626 792 1707 posset,
824 1622 934 1688 eadem
963 1623 1097 1708 ratione,

84 1743 151 1805 qua
172 1720 358 1804 adversarii,
385 1719 467 1785 levis
490 1723 653 1784 armatura
675 1720 843 1785 interiecta
865 1721 951 1785 inter
972 1720 1096 1804 equites

86 1839 162 1882 suos
185 1816 451 1901 interponeretur,
474 1816 715 1901 sagittariisque
734 1839 774 1881 111
792 1817 942 1881 omnibus
960 1817 1096 1881 navibus

86 1911 213 1997 Ityreis,
234 1911 325 1996 Syris
343 1916 377 1977 et
395 1913 550 1996 cuiusque
569 1913 694 1998 generis
714 1913 819 1979 ductis
837 1914 872 1979 in
890 1917 996 1978 eastra
1013 1935 1097 1978 com-

86 2008 233 2092 pluribus
268 2008 472 2092 frequentare
508 2027 583 2073 suas
617 2008 725 2093 copias
755 2047 799 2057 -
831 2010 980 2076 audiebat
1012 2012 1132 2074 enima
1162 2001 1165 2007 ’

85 2105 271 2189 Scipionem
293 2108 369 2188 post
391 2104 476 2169 diem
499 2105 633 2169 tertium
657 2106 725 2170 eius
749 2106 828 2190 diei,
852 2129 915 2190 quo
938 2107 1097 2191 proelium

86 2203 208 2267 factum
232 2206 314 2285 erat,
338 2200 607 2285 adpropinquare,
631 2202 739 2285 copias
763 2224 837 2266 suas
860 2225 934 2268 cum
955 2203 1097 2268 Labieno

87 2304 120 2364 et
146 2297 274 2362 Petreio
302 2297 509 2381 coniungere,
540 2297 631 2361 cuius
654 2298 764 2381 copiae
791 2298 956 2383 legionum
979 2317 1043 2363 vm
1065 2304 1098 2365 et

85 2395 232 2480 equitum
250 2412 290 2458 111
312 2393 438 2457 milium
460 2414 528 2457 1111
551 2393 784 2459 nuntiabantur
801 2432 846 2442 —
869 2396 1014 2460 officinas
1036 2396 1097 2460 fer·
1115 2411 1132 2459 3

84 2493 188 2558 rarias
210 2492 382 2575 instruere,
412 2491 549 2576 sagittas
573 2490 700 2575 telaque
723 2492 772 2556 uti
794 2492 909 2557 fierent
932 2490 1098 2574 complura
1162 2545 1164 2548 1

85 2611 212 2673 curare,
242 2587 373 2673 glandes
400 2588 548 2673 fundere,
576 2589 672 2654 sudes
696 2610 893 2672 comparare,
915 2588 1041 2652 litteras
1064 2588 1098 2652 in

87 2685 231 2752 Siciliam
253 2685 449 2769 nuntiosque
471 2686 615 2769 mittere,
642 2690 679 2751 ut
706 2687 770 2751 sibi
793 2689 896 2750 crates
918 2686 1097 2751 materiem-

87 2806 149 2869 que
181 2787 390 2867 congererent
422 2781 462 2844 ed
494 2783 624 2867 arietes,
656 2783 747 2847 cuius
779 2783 890 2866 inopia
921 2783 955 2846 in
986 2780 1099 2847 Africa

87 2885 184 2964 esset,
211 2883 375 2963 praeterea
396 2879 531 2963 ferrum,
558 2879 729 2963 plumbum
751 2880 942 2944 mitteretur.
987 2877 1134 2944 etiamr

86 2977 230 3041 animum
254 2975 439 3040 advertebat
460 2976 625 3041 frumento
648 2998 682 3040 se
704 2976 740 3040 in
760 2973 872 3039 Africa
894 2975 958 3039 nisi
980 2976 1098 3059 impor-

86 3073 199 3139 taticio
217 3073 266 3137 uti
284 3095 349 3137 non
372 3095 479 3157 posse:
502 3074 610 3156 priore
629 3095 712 3137 anno
731 3073 817 3136 enim
838 3075 971 3156 propter
990 3073 1098 3138 adver·

86 3169 246 3234 sariorum
278 3168 427 3253 dilectus,
460 3169 546 3253 quod
578 3168 779 3252 stipendiarii
806 3173 947 3234 aratores
977 3170 1097 3234 milites

87 3269 196 3331 essent
225 3265 316 3350 facti,
347 3286 484 3331 messem
511 3288 576 3330 non
604 3288 673 3330 esse
703 3265 835 3350 factam,
866 3270 1031 3349 praeterea
1058 3289 1098 3331 111

88 3363 177 3427 omni
203 3359 316 3426 Africa
341 3362 539 3427 frumentum
568 3362 767 3427 adversarios
794 3361 828 3426 in
855 3385 957 3446 pauca
980 3363 1099 3447 oppida

88 3465 121 3525 et
142 3460 223 3523 bene
241 3459 367 3523 munita
384 3463 601 3543 comportasse
620 3480 811 3542 omnemque
829 3460 993 3544 regionem
1012 3458 1098 3524 Afri-

88 3579 143 3622 cae
157 3556 337 3622 exinanisse
355 3556 528 3641 frumento,
551 3555 670 3640 oppida
686 3560 814 3640 praeter
832 3579 869 3621 ea
886 3578 997 3641 pauca,
1016 3578 1097 3640 quae
