2414 3968
117 198 181 264 110
412 196 558 252 nnnnnu
576 194 829 252 mariamnes.

79 345 206 430 speius
233 343 318 408 facit.
364 341 427 407 Hic
454 343 538 408 inter
565 341 661 407 duces
684 342 765 406 duos
787 341 827 406 fit
850 344 1047 430 eontentio,
1075 349 1139 410 uter

115 442 205 527 prius
228 446 359 527 pontem
383 444 566 526 occuparet;
594 462 634 504 ex
658 461 722 524 qua
739 441 955 507 contentione
981 443 1139 509 cotidiano

115 541 241 606 minuta
262 539 385 625 proelia
406 539 540 622 fiebant,
562 542 601 602 ut
622 536 719 602 modo
741 536 791 622 hi,
814 559 1077 626 nonnumquam
1098 539 1138 606 illi

81 639 297 723 esuperiores
334 637 540 702 discederent,
591 633 679 712 Quae
711 657 762 700 res
794 656 869 700 cum
903 637 949 702 ad
986 640 1137 704 maiorem

116 736 353 802 contentionem
385 735 539 817 venisset,
572 734 611 798 ab
639 733 786 818 utrisque
813 735 1007 801 comminus
1037 757 1138 823 pugna

116 835 210 919 inita,
247 831 323 898 dum
355 832 502 917 cupidius
539 830 647 896 locum
679 830 810 896 student
840 835 972 919 tenere,
1011 839 1137 920 propter

115 935 248 1017 pontem
284 929 544 1016 coagulabantur,
574 929 717 993 fluminis
753 929 840 1013 ripas
873 930 1136 1018 adpropinquan-

82 1032 166 1095 etes
196 1028 397 1114 coangustati
427 1026 729 1112 praecipitabantur.
774 1025 837 1092 Hic
874 1027 1021 1096 alterius
1037 1032 1063 1115 †
1081 1051 1134 1094 non

117 1125 222 1191 solum
244 1126 342 1191 morti
360 1130 497 1191 mortem
516 1125 762 1210 exaggerabant,
785 1124 842 1188 sed
862 1126 1019 1192 tumulos
1040 1133 1134 1194 tumu-

83 1223 158 1290 ulis
188 1223 415 1308 exaequabant.
467 1221 519 1288 lta
551 1223 663 1288 diebus
693 1221 914 1307 compluribus
947 1226 1135 1309 consumptis

117 1322 267 1406 cupiebat
290 1320 415 1405 Caesar,
437 1322 465 1386 si
490 1342 554 1405 qua
576 1320 762 1386 condicione
785 1324 908 1404 posset,
934 1322 1134 1399 adversarios

117 1420 151 1484 in
173 1441 311 1504 acquum
338 1419 445 1484 locum
468 1418 623 1485 deducere
646 1425 679 1485 et
704 1419 809 1503 primo
833 1439 968 1504 quoque
994 1426 1135 1508 tempore

117 1519 156 1584 dc
191 1517 277 1583 bello
319 1516 500 1602 decernere,
536 1541 609 1584 cum
646 1517 680 1582 id
718 1516 996 1584 animadverteret
1037 1521 1134 1585 adver·

117 1616 219 1681 serios
245 1614 378 1679 minime
400 1615 490 1679 velle.

86 1731 98 1776 1
185 1711 241 1775 VI.
287 1710 376 1788 Quos
413 1712 565 1796 quoniam
601 1713 641 1778 ab
678 1712 755 1778 Ulia
790 1716 989 1798 retraxerat,
1037 1722 1077 1782 ut
1109 1716 1134 1780 in

118 1830 256 1894 aequum
279 1808 457 1893 deduceret,
480 1811 581 1894 copiis
599 1811 731 1876 flumine
750 1810 907 1877 traductis
925 1817 1036 1878 noctu
1056 1814 1135 1880 iubet

118 1910 210 1994 ignes
232 1906 303 1971 fieri
326 1927 474 1991 magnos:
497 1907 575 1972 item
598 1909 820 1973 firmissimum
843 1907 913 1972 cius
937 1912 1135 1993 praesidium

83 2021 99 2068 a
118 2005 280 2091 Ateguam
302 2005 525 2089 proficiscitur.
570 2005 609 2071 Id
631 2029 704 2072 cum
727 2007 901 2091 Pompeius
924 2029 968 2072 ex
992 2010 1136 2098 perfugis

118 2104 279 2187 rescisset,
317 2124 381 2187 qua
416 2103 467 2168 die
503 2103 690 2169 facultatem
721 2109 832 2170 cedes
862 2108 919 2188 est,
957 2107 1137 2192 relinquero

117 2207 234 2269 monus
251 2205 285 2266 et
302 2201 477 2286 angustias,
496 2224 586 2267 carra
608 2201 774 2286 complura
792 2200 981 2285 multosque
1001 2203 1136 2272 lanistas

83 2316 99 2365 3
118 2300 254 2366 retraxit
280 2303 313 2365 et
341 2299 381 2363 ad
404 2298 586 2365 Cordubam
610 2321 643 2364 se
666 2300 794 2384 recepit.
841 2296 961 2363 (laesar
984 2305 1137 2370 munitio

118 2399 214 2464 nibus
245 2395 407 2483 Ateguam
444 2418 631 2483 oppugnare
669 2402 701 2462 et
733 2395 865 2461 brachia
895 2396 1138 2469 circumducere

120 2497 232 2581 coepit.
270 2494 330 2560 Oui
354 2493 392 2558 de
410 2494 565 2578 Pompeio
589 2517 662 2560 cum
680 2495 814 2559 nuntius
833 2497 918 2559 esset
936 2495 1087 2585 adlatus,
1108 2520 1138 2565 eo

119 2595 171 2661 die
193 2592 367 2678 proficisci,
395 2591 486 2656 cuius
508 2593 542 2657 in
566 2593 740 2658 adventum
762 2590 914 2677 praesidii
937 2614 1045 2662 causa
1071 2597 1138 2664 Cae

119 2716 171 2759 sar
193 2689 359 2774 complura
381 2689 512 2754 castella
530 2694 725 2775 occupasset,
745 2689 866 2774 'partim
884 2688 942 2754 ubi
962 2695 1139 2778 equitatus,

119 2791 237 2877 partim
260 2788 317 2853 ubi
339 2787 497 2871 pedestris
520 2789 629 2872 copiae
653 2789 686 2853 in
710 2788 848 2853 statione
871 2790 904 2852 et
926 2787 962 2851 in
981 2794 1139 2859 excubitu

119 2888 233 2954 castris
255 2885 415 2971 praesidio
438 2907 507 2950 esse
530 2890 676 2970 possent,
701 2885 756 2951 hic
779 2886 812 2950 in
835 2884 977 2951 adventu
1002 2887 1139 2977 Pompei

119 2985 242 3068 incidit,
264 2988 302 3047 ut
324 2983 484 3048 matutino
507 2988 651 3068 tempore
676 2983 795 3048 nebula
817 2986 902 3049 esset
923 2987 1139 3054 crassissima

84 3083 172 3152 elta
198 3082 256 3147 illa
282 3081 506 3146 obscuratione
533 3104 606 3147 cum
633 3081 758 3166 aliquot
780 3080 968 3147 cohortibus
993 3088 1031 3149 et
1056 3087 1139 3172 equi·

120 3187 189 3246 tum
218 3179 334 3244 turmis
362 3179 617 3245 circumcludunt
645 3178 790 3244 Caesaris
818 3178 942 3264 equites
971 3184 1005 3244 et
1038 3184 1139 3250 conci·

121 3281 211 3364 dunt,
234 3278 280 3342 sic
303 3280 340 3342 ut
361 3277 417 3341 vix
440 3277 473 3341 in
496 3299 534 3342 ea
557 3277 650 3343 caede
673 3277 767 3362 pauci
790 3276 978 3361 effugerent.

86 3395 99 3444 1
186 3373 259 3441 VII.
304 3373 489 3460 Insequenti
521 3380 615 3441 nocte
647 3379 753 3441 castra
785 3396 843 3440 sua
870 3374 1017 3442 incendit
1046 3379 1139 3444 Pom·

119 3476 211 3560 peius
247 3477 281 3539 et
316 3477 405 3538 trans
437 3474 557 3539 flumen
585 3471 713 3539 Salsum
745 3496 803 3558 per
835 3471 997 3538 convalles
1034 3482 1139 3543 cestra

120 3573 204 3640 inter
231 3572 294 3637 duo
322 3571 439 3655 oppida
461 3569 622 3657 Ateguam
652 3575 685 3636 et
706 3568 848 3636 Ucubim
870 3571 902 3635 in
927 3577 1044 3639 monte
1067 3597 1138 3641 con·
