2414 3968
364 218 441 274 cAP.
460 219 810 274 XXXXHII-XXXXVH.
1047 217 1084 282 31

150 360 329 428 XXXXVI.
370 362 521 429 Vatinius
549 385 621 429 cum
653 364 795 428 animum
828 364 1008 428 adverteret
1038 377 1125 426 ner

84 482 147 544 que
166 461 297 525 navium
316 483 350 525 se
368 460 590 546 magnitudine
607 482 711 545 neque
733 482 867 526 numero
889 481 999 543 parem
1022 480 1090 523 esse

82 557 212 621 futrrrac
238 557 449 640 dimicationi,
481 557 629 622 fortunae
657 563 762 622 tamen
787 578 882 640 quam
906 558 1001 640 fupue
1022 577 1090 619 rem

83 654 284 719 committere
315 655 437 719 maluit.
483 652 596 738 Itaque
627 655 751 738 primus
781 675 841 717 sua
869 652 1091 738 quinqueremi

83 752 118 815 in
142 726 503 835 quadriremem⁴⁷ipsius
527 748 653 816 Octavii
675 751 833 834 impetum
857 751 941 815 fecit
989 748 1128 814 celer-2
1179 839 1180 842 Ἴ

82 848 165 912 rime
186 848 425 932 fortissimeque
450 851 561 912 contre
582 848 640 912 illo
663 848 841 932 remigante
863 869 961 911 naves
984 846 1091 910 edver-

84 965 139 1008 sae
169 945 282 1008 rostris
316 949 545 1009 concurrerunt
576 944 655 1008 adeo
682 940 900 1026 vehementer,
931 947 969 1006 ut
1000 942 1091 1006 naris

84 1039 260 1105 Octauiana
290 1044 396 1106 rostro
429 1040 572 1105 discusso
606 1041 696 1125 ligno
729 1040 954 1104 contineretur.
1002 1037 1128 1103 com-s

82 1139 226 1202 mittitur
249 1139 364 1204 acriter
388 1139 522 1224 reliquis
544 1138 624 1202 locis
647 1137 806 1221 proelium
828 1136 1091 1220 concurriturque

84 1237 125 1300 ad
156 1236 252 1299 duces
281 1235 435 1300 maxime:
471 1257 546 1300 nam
578 1257 651 1300 cum
683 1256 741 1298 suo
770 1234 905 1318 quisque
936 1232 1091 1297 auxilium

82 1332 195 1416 ferret,
223 1353 377 1418 magnum
404 1333 583 1397 comminus
610 1332 647 1395 in
668 1335 805 1416 angusto
828 1331 911 1394 mari
933 1329 1091 1413 proelium

83 1431 205 1494 factmn
223 1434 282 1494 est.
328 1427 520 1514 Quantoque
537 1429 716 1494 coniunctis
739 1427 842 1512 magis
866 1428 1001 1492 navibus
1020 1441 1128 1492 con-4

83 1527 216 1612 fligendi
238 1529 382 1610 potestas
401 1526 545 1609 dabatur,
568 1529 661 1589 tanto
685 1525 865 1608 superiores
889 1522 1091 1589 cantaveri-

84 1624 185 1708 niani5
214 1623 270 1708 qui
299 1623 485 1687 admiranda
510 1623 632 1688 virtute
660 1643 700 1686 ex
727 1621 795 1686 suis
817 1621 954 1686 naribus
975 1622 1010 1685 in
1036 1620 1113 1707 hos

85 1721 184 1785 stium
210 1742 309 1786 nares
336 1721 499 1785 transilire
525 1742 591 1785 non
614 1718 807 1784 dubitabant
833 1722 867 1784 et
888 1718 1092 1784 dimicatione

85 1820 221 1901 aequata
250 1817 346 1902 longe
379 1818 559 1902 superiores
587 1817 708 1881 virtute
740 1838 808 1880 rem
837 1815 974 1881 feliciter
1005 1836 1091 1901 gere

83 1915 172 1979 bant.
216 1913 416 1998 Deprimitur
443 1915 545 1998 ipsius
568 1911 694 1979 Octavii
718 1913 942 1998 quadriremis,
971 1913 1091 1978 multae
1111 1925 1128 1974 5

84 2013 250 2094 praeterea
271 2009 441 2093 capiuntur
463 2015 520 2074 aut
546 2012 662 2076 rostris
687 2010 867 2094 perforatae
889 2014 1092 2096 merguntur,
1135 2094 1138 2099 ¹

85 2109 341 2191 propugnatores
359 2103 527 2170 Octaviani
549 2109 668 2191 partim
686 2107 721 2171 in
738 2107 874 2171 naribus
897 2108 1093 2193 iugulantur,

85 2203 206 2288 partim
232 2202 267 2267 in
292 2224 380 2266 mare
409 2204 669 2287 praecipitantur.
715 2201 789 2287 lpse
817 2203 969 2269 Octavius
997 2226 1031 2269 se
1058 2205 1129 2268 inc

86 2298 238 2384 scapham
269 2299 407 2384 eonfert3
437 2300 472 2364 in
504 2322 601 2384 quam
631 2299 740 2382 plures
772 2322 846 2364 cum
876 2301 1093 2385 confugerent,

87 2399 240 2482 depressa
268 2397 386 2482 scapha
416 2397 603 2463 vulneratus
631 2400 740 2461 tamen
770 2397 901 2461 adnatat
930 2398 970 2462 ad
999 2418 1093 2462 suum

85 2516 323 2579 myoparonem.
371 2494 422 2561 Eo
449 2498 610 2579 receptae,
640 2515 713 2557 cum
741 2492 901 2578 proelium
927 2514 992 2557 nox
1020 2493 1129 2558 diri-7

85 2595 203 2675 meret,
233 2595 425 2676 tempestate
453 2613 571 2677 magna
599 2590 680 2656 velis
709 2590 863 2675 profugit.
910 2587 1094 2674 Sequuntur

85 2689 172 2753 hunc
189 2709 266 2752 suae
283 2709 381 2753 nares
399 2687 581 2770 nonnullae,
605 2707 685 2770 quas
705 2708 798 2751 casus
817 2686 857 2750 ab
876 2686 935 2751 iilo
951 2687 1093 2771 periendo

86 2785 271 2850 vindicarat.
971 2811 973 2815 ·

152 2879 349 2947 XXXXVH.
380 2880 427 2946 At
444 2880 596 2947 Vatinius
614 2904 649 2947 re
667 2882 748 2947 bene
772 2885 864 2966 gesta
885 2879 1029 2964 receptui
1047 2901 1094 2944 ce
1114 2899 1128 2945 1

88 2978 168 3042 cinit
189 2978 319 3063 suisque
342 2979 494 3044 omnibus·
514 2979 729 3044 incolumibus
754 2979 788 3043 in
811 2999 885 3042 eum
908 2999 942 3042 se
964 2981 1094 3061 portum

87 3074 192 3139 vietor
208 3075 338 3159 recepit,
358 3097 423 3160 quo
441 3097 482 3140 ex
498 3079 596 3159 portu
615 3074 726 3140 elassis
740 3073 868 3140 Octavii
886 3074 926 3138 ad
944 3074 1095 3138 dimican-

89 3170 166 3235 dum
186 3176 393 3254 processerat.
430 3170 528 3257 Capit.
542 3194 583 3237 ex
600 3194 638 3238 eo
660 3171 784 3256 proelio
805 3174 971 3256 penterem
988 3193 1095 3256 unam,
1113 3189 1129 3236 2

88 3267 235 3332 triremes
257 3268 349 3353 duas,
372 3268 512 3333 dicretae
534 3287 600 3334 rur
617 3268 860 3353 compturesque
883 3269 1025 3354 remiges
1037 3265 1095 3332 θο-

88 3364 234 3430 tarianos
268 3369 461 3451 posteroque
492 3366 540 3431 ibi
567 3366 632 3450 die,
669 3367 745 3430 dum
778 3386 851 3431 suas
889 3366 1095 3450 captivasque

87 3482 185 3525 nares
207 3459 363 3546 reficeret,
392 3466 588 3547 consumpto·
606 3467 681 3548 post
704 3463 790 3527 diem
811 3464 945 3528 tertium
968 3466 1095 3527 conten

87 3559 136 3623 dit
162 3558 198 3622 in
223 3557 361 3624 insulam
388 3557 506 3645 Issam,
536 3560 623 3644 quod
650 3581 687 3625 eo
715 3581 749 3624 se
776 3560 933 3645 recepisse
957 3582 998 3624 ex
1018 3559 1097 3643 tuga
