2414 3968
403 195 479 273 cnrss
498 216 742 272 mrum-nr.
1031 217 1072 281 rr
1132 288 1135 292 λ

58 361 199 426 densum.
239 360 303 425 Hic
322 382 395 425 cum
419 360 579 425 Labienus
598 360 875 426 animadvertisset
898 360 1108 446 Caesarem,2

61 459 90 522 si
112 458 211 523 vellet
234 479 307 522 cum
329 457 436 521 locum
459 479 627 542 occupare,
652 458 743 543 prius
765 481 894 524 necesse
916 479 979 524 esse
1001 480 1072 524 con·

60 555 177 620 vallem
201 554 420 639 olivetumque
443 554 634 639 transgredi,
657 577 767 620 eorum
787 555 932 620 locorum
949 555 1072 639 peritus
1159 578 1162 584 ·

59 654 96 718 in
118 651 245 716 insidiis
268 673 341 716 cum
364 655 455 736 perte
478 652 640 737 equitatus
663 651 790 736 levique
814 655 974 715 armatura
1001 672 1072 716 con-

59 749 142 815 sedit
178 751 212 813 ct
246 752 412 832 praeterea
447 752 522 833 post
557 751 700 813 montem
739 748 915 833 [collesque
946 747 1073 813 Caesari

58 846 169 911 subito
198 867 232 910 se
261 845 456 930 ostenderet]
485 845 609 929 equites
637 845 670 909 in
696 845 821 910 occulto
844 845 1073 928 conlocauerat,
1142 894 1159 914 ,.

59 945 109 1026 ut,
136 963 209 1006 cum
238 942 308 1026 ipse
336 964 377 1007 ex
404 942 580 1026 improviso
607 941 800 1027 legionarios
826 942 956 1007 adortus
980 945 1073 1026 esset,
1176 1011 1182 1020 ,

59 1062 100 1104 ex
122 1038 204 1104 colle
228 1060 262 1102 se
285 1040 448 1123 equitatus
472 1039 667 1124 ostenderet,
695 1043 729 1104 et
750 1061 784 1104 re
808 1039 927 1123 duplici
949 1041 1072 1123 pertur-

61 1137 153 1200 batus
168 1133 284 1199 Caesar
302 1135 434 1220 eiusque
455 1136 613 1201 exercitus
633 1158 736 1221 neque
759 1140 845 1202 retro
868 1134 1073 1221 regrediundi

59 1254 161 1316 neque
188 1231 275 1296 ultra
301 1232 495 1317 procedendi
522 1232 631 1297 oblata
656 1232 810 1297 facultate
838 1232 1073 1297 circumventus

58 1329 285 1395 concideretur.
339 1327 456 1393 Caesar
491 1333 662 1413 postquam
697 1330 848 1414 equitatu
880 1333 954 1394 ante
984 1345 1107 1413 prae-s

59 1428 158 1492 misso
180 1426 300 1490 inscius
323 1425 513 1491 insidiarum
536 1447 611 1491 cum
634 1427 674 1490 ad
697 1448 771 1491 eum
792 1425 900 1490 locum
924 1425 1073 1509 venisset,

60 1523 234 1588 adversarii
257 1523 325 1587 sive
349 1522 442 1587 obliti
466 1527 710 1606 praeceptorum
727 1522 862 1588 Labieni
885 1522 952 1587 sive
969 1521 1074 1605 veriti,

59 1643 100 1686 ne
122 1621 157 1685 in
178 1620 267 1686 fossa
285 1621 325 1684 ab
344 1619 508 1705 equitibus
528 1620 793 1704 opprimerentur,
815 1619 880 1684 rari
898 1641 935 1683 ac
953 1617 1073 1703 singuli

60 1718 99 1782 de
125 1738 204 1800 rupe
231 1715 359 1800 prodire
387 1719 420 1781 et
447 1738 575 1781 summa
601 1720 709 1801 petere
738 1716 837 1782 collis.
883 1716 970 1793 Quos
999 1715 1109 1782 an4

61 1814 141 1878 saris
173 1813 296 1897 equites
328 1813 491 1878 consecuti
522 1814 642 1897 partim
673 1813 917 1898 interfecerunt,
952 1806 1080 1898 partim

60 1911 208 1975 vivorum
239 1912 315 1974 sunt
345 1910 456 1994 potiti3
493 1910 608 1975 deinde
640 1911 787 1995 protinus
820 1909 934 1975 collem
965 1913 1073 1995 petere

61 2005 293 2070 contenderunt
328 2009 423 2090 atque
460 2027 534 2070 cum
573 2007 706 2071 decusso
742 2007 877 2072 Labieni
914 2006 1074 2091 praesidio
1169 2008 1176 2058 ἵ

62 2102 208 2168 celeriter
234 2106 478 2186 occupaverunt.
523 2101 684 2168 Labienus
712 2124 785 2168 cum
811 2107 902 2188 parte
929 2103 1074 2187 equitum

62 2199 118 2264 vix
139 2199 217 2282 fuga
238 2198 302 2262 sibi
323 2199 449 2283 peperit
471 2198 620 2263 salutem.

128 2293 181 2359 LI.
226 2293 297 2360 Hac
323 2317 358 2360 re
385 2317 442 2379 per
472 2295 596 2380 equites
628 2297 720 2378 gesta
747 2292 862 2359 Caesar
892 2293 1108 2378 legionibusl

63 2415 160 2476 opera
187 2391 352 2456 distribuit
380 2395 477 2476 atque
504 2392 539 2455 in
567 2411 605 2456 eo
633 2391 726 2475 colle,
756 2411 819 2475 quo
848 2394 916 2455 erat
942 2389 1075 2474 potitus,

63 2492 167 2553 castra
193 2488 339 2553 munivit.
385 2487 509 2553 Deinde
538 2488 577 2552 ab
605 2488 672 2552 suis
699 2487 848 2552 maximis
877 2486 989 2550 castris
1018 2504 1110 2570 pera

62 2585 203 2650 medium
226 2607 375 2669 campum
397 2606 415 2649 e
438 2585 573 2670 regione
597 2584 706 2669 oppidi
728 2583 856 2668 Unitac,
884 2584 971 2667 quod
992 2582 1076 2646 inter

63 2704 121 2748 sua
144 2685 249 2746 castra
271 2685 304 2746 et
327 2679 488 2765 Scipionis
511 2681 546 2746 in
569 2680 703 2765 planitie
726 2680 869 2765 positum
896 2684 964 2744 erat
990 2682 1075 2744 tene

62 2779 220 2862 baturque
248 2778 287 2844 ab
312 2776 470 2862 Scipione,
493 2777 556 2843 duo
582 2776 713 2842 brachia
736 2776 880 2840 instituit
907 2777 1020 2840 ducere
1043 2779 1076 2841 et

63 2877 110 2964 ita
127 2875 279 2959 derigere,
300 2877 338 2940 ut
355 2874 395 2939 ad
414 2873 570 2959 angulum
592 2875 740 2939 dextrum
758 2873 988 2957 sinistrumque
1006 2872 1075 2937 eius

63 2971 176 3055 oppidi
203 2971 416 3036 convenirent.
467 2969 506 3036 Id
531 2970 592 3036 hac
619 2972 743 3035 ratione
775 2991 856 3054 opus
887 2970 1110 3055 instruebat,8

64 3071 109 3150 ut,
128 3088 201 3131 cum
215 3069 347 3153 propius
366 3068 520 3153 oppidum
541 3068 648 3152 copias
667 3067 860 3132 admovisset
879 3088 1076 3152 oppugnare-

65 3185 128 3249 que
151 3164 320 3249 coepisset,
347 3169 433 3229 tecta
454 3165 557 3229 latera
580 3165 647 3228 suis
674 3163 908 3228 munitionibus
934 3164 1076 3249 haberet,

11 3339 12 3343 Ἰ
65 3281 105 3324 ne
129 3259 168 3322 ab
192 3260 353 3343 equitatus
374 3261 583 3326 multitudine
602 3261 836 3325 circumventus
855 3260 894 3326 ab
914 3281 1075 3346 oppugna-

64 3356 152 3420 tione
185 3355 409 3443 deterreretur,
442 3359 608 3443 praeterea
644 3377 707 3442 quo
744 3357 870 3422 facilius
908 3358 1081 3442 conloquia

63 3452 137 3518 fieri
154 3456 296 3536 possent,
318 3458 350 3519 et
367 3455 396 3520 si
415 3455 471 3539 qui
488 3453 657 3538 perfugere
675 3453 804 3537 vellent,
827 3454 861 3518 id
879 3453 965 3538 quod
984 3457 1077 3518 antea

64 3571 157 3634 saepe
180 3549 345 3614 accidebat
362 3572 479 3635 magno
498 3571 573 3616 cum
592 3571 702 3616 eorum
719 3549 872 3635 periculo,
894 3553 964 3614 tum
982 3548 1076 3614 facile
