2414 3968
120 193 183 257 102
452 190 599 245 BELLUM
617 189 786 245 AFRIUUM.

115 360 174 402 nec
195 338 292 402 minis
314 359 372 402 nec
394 336 542 421 precibus
565 333 633 400 suis
656 333 786 417 moveri,
810 352 874 416 quo
897 333 1011 419 magis
1037 357 1072 399 se
1090 356 1133 399 re·

116 435 266 519 ciperent,
288 435 384 499 tertio
403 434 486 518 petit
504 433 543 496 ab
562 431 618 515 eis,
637 434 674 494 ut
692 431 755 496 sibi
773 429 927 514 coniuges
945 430 1133 516 liberosque

79 530 295 614 credderent,
326 533 363 595 ut
395 551 502 594 secum
535 550 589 593 eos
622 530 807 612 asportaret.
856 524 1045 612 Postquam
1073 530 1131 594 sibi

114 627 348 692 nihilomnino
372 627 548 711 oppidanos
571 624 716 709 responsi
739 623 871 689 reddere
890 624 1130 709 animadvertit,

115 723 203 787 nulla
224 745 259 787 re
282 724 321 787 ab
344 722 396 787 his
419 723 589 806 impetrata
611 722 651 786 ab
674 720 772 785 Zama
799 719 936 785 discedit
964 725 1068 807 atque
1095 724 1131 788 ad

114 820 224 886 villam
252 842 343 885 suam
371 840 444 884 cum
469 817 513 883 Μ.
535 819 663 884 Petreio
689 816 863 902 paucisque
897 818 1069 901 equitibus
1099 843 1130 884 se

115 918 246 982 confert.

41 1065 43 1069 a
81 1033 95 1080 1
179 1012 371 1078 LXXXXII.
417 1012 587 1078 Zamenses
610 1013 740 1078 interim
758 1012 883 1097 legatos
901 1012 941 1078 de
960 1013 1016 1079 his
1035 1016 1129 1080 rebus

115 1112 156 1174 ad
182 1109 348 1175 Gaesarem
376 1109 506 1174 Uticam
536 1110 673 1174 mittunt
702 1111 880 1192 petuntque
912 1110 953 1174 ab
987 1133 1043 1197 eo,
1072 1114 1128 1196 uti,

115 1212 286 1293 antequam
316 1230 374 1272 rex
404 1229 536 1273 manum
563 1206 730 1291 colligeret
756 1227 889 1290 seseque
916 1215 1128 1294 oppugnaret,

115 1305 178 1370 sibi
205 1305 360 1371 auxilium
391 1305 548 1369 mitteret:
580 1327 614 1370 se
647 1308 755 1367 tamen
786 1306 915 1387 paratos
948 1325 1036 1390 esse,
1068 1306 1128 1372 sibi

69 1454 74 1467 .
115 1403 220 1487 quoad
249 1405 319 1468 vita
349 1407 547 1487 suppeteret,
579 1401 732 1486 oppidum
764 1421 861 1485 seque
893 1400 923 1465 ei
955 1423 1126 1470 reservare.

80 1498 253 1583 aLegatos
285 1498 493 1564 conlaudatos
522 1496 637 1564 Caesar
667 1498 797 1562 domum
823 1497 914 1562 iubet
942 1502 1127 1567 antecedere

115 1618 152 1660 ac
183 1617 277 1660 suum
309 1596 481 1661 adventum
512 1596 745 1679 praenuntiare.
799 1592 872 1678 Ipse
907 1601 1043 1679 postero
1079 1599 1127 1663 die

113 1691 211 1756 Utica
234 1714 381 1777 egressus
405 1714 478 1756 cum
502 1693 647 1776 equitatu
669 1693 703 1757 in
726 1713 861 1777 regnum
883 1690 931 1756 ire
953 1697 1125 1760 contendit.

80 1809 96 1856 3
114 1787 249 1853 Interim
270 1790 305 1852 in
328 1789 442 1853 itinere
465 1810 506 1853 ex
527 1789 625 1874 regiis
649 1790 749 1874 copiis
771 1790 867 1853 duces
885 1789 1072 1873 complures
1090 1793 1127 1857 ad

79 1906 96 1953 4
116 1885 282 1951 Caesarem
304 1887 438 1950 veniunt
461 1889 629 1970 orantque,
654 1891 691 1951 ut
713 1887 776 1952 sibi
799 1887 955 1971 ignoscat.
1003 1887 1127 1966 Quibus

115 1983 313 2067 supplicibus
352 1984 447 2048 venia
486 1983 561 2047 data
595 1982 726 2048 Zamam
765 1983 918 2067 pervenit.
983 1984 1128 2053 Rumore

114 2080 243 2146 interim
273 2079 397 2165 perlato
430 2080 468 2145 de
497 2081 565 2145 eius
592 2080 725 2145 lenitate
755 2080 988 2166 clementiaque
1014 2106 1128 2170 prope

113 2177 245 2242 modum
275 2199 386 2242 omnes
419 2177 512 2263 regni
544 2178 668 2261 equites
700 2176 831 2241 Zamam
861 2179 1059 2262 perveniunt
1091 2183 1128 2247 ad

115 2272 282 2340 Gaesarem
305 2274 344 2338 ab
368 2296 469 2359 eoque
492 2277 568 2338 sunt
590 2277 679 2339 metu
701 2274 907 2358 periculoque
929 2274 1072 2343 liberati.

80 2389 95 2437 1
179 2370 388 2437 LXXXXIII.
432 2371 520 2436 Dum
544 2371 623 2436 haec
649 2371 821 2456 utrobique
848 2376 1019 2458 geruntur,
1049 2374 1129 2440 Gon·

114 2470 225 2553 sidius,
243 2471 299 2553 qui
317 2468 482 2553 Thysdrae
501 2491 574 2534 cum
591 2469 715 2533 familia
732 2491 799 2553 sua,
819 2468 1012 2554 gladiatoria
1029 2495 1129 2539 manu

116 2565 323 2650 Gaettflisque
341 2570 495 2651 praeerat,
516 2565 646 2650 cognite
663 2565 757 2630 caede
775 2587 907 2631 suorum
924 2565 1130 2655 Domitiique

115 2667 148 2727 et
168 2664 333 2748 legionum
352 2662 490 2726 adventu
511 2661 702 2746 perterritus
726 2662 893 2747 desperata
913 2662 1020 2730 salute
1038 2669 1130 2752 oppi-

115 2760 191 2823 dum
215 2758 332 2824 deserit
355 2781 451 2842 seque
475 2759 557 2823 clam
580 2780 653 2823 cum
679 2760 789 2843 paucis
818 2760 963 2826 barbaris
991 2767 1131 2846 pecunia

115 2859 250 2921 onustus
278 2855 427 2920 subducit
455 2858 550 2939 atque
577 2856 611 2920 in
642 2877 779 2941 regnum
809 2857 920 2942 fugere
952 2862 1129 2927 contendit.

80 2952 218 3029 aQuem
242 2951 382 3037 Gaetuli,
410 2952 461 3017 sui
483 2953 629 3037 comites,
656 2952 690 3018 in
717 2952 831 3017 itinere
858 2951 995 3036 praedae
1019 2958 1131 3041 cupidi

21 3131 25 3139 ι
116 3048 287 3114 concidunt
309 3070 418 3134 seque,
445 3049 480 3113 in
504 3070 719 3135 quascumque
743 3054 877 3134 potuere
903 3053 1027 3137 partes,
1056 3076 1130 3119 con-

79 3162 96 3210 3
114 3145 230 3210 ferunt.
277 3143 310 3210 O.
333 3145 462 3210 interim
486 3144 659 3231 Vergilius,
680 3148 852 3229 postquam
873 3148 959 3209 terra
980 3148 1133 3234 marique

115 3241 242 3307 clausus
265 3263 299 3306 se
321 3241 405 3305 nibil
426 3242 580 3326 proficere
603 3241 763 3307 intellexit
781 3263 920 3327 suosque
938 3242 1131 3312 interfectos

115 3342 171 3402 aut
202 3337 344 3423 fugatos,
376 3338 419 3403 M.
448 3337 602 3403 Catonem
632 3338 747 3404 Uticae
778 3339 841 3404 sibi
873 3340 979 3424 ipsum
1011 3364 1130 3409 manus

115 3435 275 3520 attulisse,
302 3457 410 3520 regem
440 3456 558 3520 vagum
586 3437 625 3500 ab
654 3436 783 3520 suisque
812 3437 973 3501 desertum
996 3440 1038 3504 ab
1063 3463 1130 3506 orn·

114 3532 210 3598 nibus
239 3533 415 3618 aspernari,
448 3531 621 3597 Saburram
654 3533 784 3617 eiusque
817 3533 925 3618 copias
957 3534 997 3598 ab
1029 3533 1129 3602 Sittio
