<?xml version="1.0" encoding="UTF-8"?>
<!DOCTYPE html PUBLIC "-//W3C//DTD XHTML 1.0 Transitional//EN"
    "http://www.w3.org/TR/xhtml1/DTD/xhtml1-transitional.dtd">
<html xmlns="http://www.w3.org/1999/xhtml" xml:lang="en" lang="en">
 <head>
  <title>
</title>
<meta http-equiv="Content-Type" content="text/html;charset=utf-8" />
  <meta name='ocr-system' content='tesseract 3.04.00' />
  <meta name='ocr-capabilities' content='ocr_page ocr_carea ocr_par ocr_line ocrx_word'/>
</head>
<body>
  <div class='ocr_page' id='page_1' title='image "./commentariicuma00wlgoog_0203.png"; bbox 0 0 2414 3968; ppageno 0'>
   <div class='ocr_carea' id='block_1_1' title="bbox 132 174 842 241">
    <p class='ocr_par' dir='ltr' id='par_1_1' title="bbox 132 174 842 241">
     <span class='ocr_line' id='line_1_1' title="bbox 132 174 842 241; baseline 0.006 -14"><span class='ocrx_word' id='word_1_1' title='bbox 132 177 195 241; x_wconf 78' lang='lat'>126</span> <span class='ocrx_word' id='word_1_2' title='bbox 426 176 573 233; x_wconf 76' lang='lat' dir='ltr'>BELLUM</span> <span class='ocrx_word' id='word_1_3' title='bbox 591 174 842 232; x_wconf 66' lang='lat' dir='ltr'>merenlinden.</span> 
     </span>
    </p>
   </div>
   <div class='ocr_carea' id='block_1_2' title="bbox 79 321 1162 3142">
    <p class='ocr_par' dir='ltr' id='par_1_2' title="bbox 94 321 1159 603">
     <span class='ocr_line' id='line_1_2' title="bbox 94 321 1159 406; baseline 0.003 -18"><span class='ocrx_word' id='word_1_4' title='bbox 94 340 109 388; x_wconf 78' lang='grc' dir='ltr'>ι</span> <span class='ocrx_word' id='word_1_5' title='bbox 127 321 200 406; x_wconf 90' lang='lat' dir='ltr'>Hic,</span> <span class='ocrx_word' id='word_1_6' title='bbox 214 326 251 387; x_wconf 92' lang='lat' dir='ltr'>ut</span> <span class='ocrx_word' id='word_1_7' title='bbox 265 322 311 386; x_wconf 91' lang='lat' dir='ltr'>ait</span> <span class='ocrx_word' id='word_1_8' title='bbox 322 322 458 406; x_wconf 80' lang='lat' dir='ltr'>Ennius,</span> <span class='ocrx_word' id='word_1_9' title='bbox 471 345 536 405; x_wconf 92' lang='lat' dir='ltr'>pes</span> <span class='ocrx_word' id='word_1_10' title='bbox 552 321 645 406; x_wconf 91' lang='lat' dir='ltr'>pede</span> <span class='ocrx_word' id='word_1_11' title='bbox 663 321 866 405; x_wconf 87' lang='lat' dir='ltr'>premitur,</span> <span class='ocrx_word' id='word_1_12' title='bbox 881 324 1012 391; x_wconf 89' lang='lat' dir='ltr'>armis</span> <span class='ocrx_word' id='word_1_13' title='bbox 1028 328 1159 390; x_wconf 89' lang='lat' dir='ltr'>ternu·</span> 
     </span>
     <span class='ocr_line' id='line_1_3' title="bbox 129 420 1159 510; baseline 0.002 -24"><span class='ocrx_word' id='word_1_14' title='bbox 129 425 192 486; x_wconf 91' lang='lat' dir='ltr'>tur</span> <span class='ocrx_word' id='word_1_15' title='bbox 222 442 336 503; x_wconf 89' lang='lat' dir='ltr'>arma,</span> <span class='ocrx_word' id='word_1_16' title='bbox 364 420 626 505; x_wconf 83' lang='lat' dir='ltr'>adversariosque</span> <span class='ocrx_word' id='word_1_17' title='bbox 652 420 939 486; x_wconf 85' lang='lat' dir='ltr'>vehementissime</span> <span class='ocrx_word' id='word_1_18' title='bbox 970 428 1159 510; x_wconf 80' lang='lat' dir='ltr'>pugnantes</span> 
     </span>
     <span class='ocr_line' id='line_1_4' title="bbox 129 517 1158 603; baseline 0.001 -19"><span class='ocrx_word' id='word_1_19' title='bbox 129 518 232 584; x_wconf 90' lang='lat' dir='ltr'>nostri</span> <span class='ocrx_word' id='word_1_20' title='bbox 255 539 349 603; x_wconf 82' lang='lat' dir='ltr'>agere</span> <span class='ocrx_word' id='word_1_21' title='bbox 371 523 558 602; x_wconf 78' lang='lat' dir='ltr'>coeperunt3</span> <span class='ocrx_word' id='word_1_22' title='bbox 582 517 699 603; x_wconf 90' lang='lat' dir='ltr'>quibus</span> <span class='ocrx_word' id='word_1_23' title='bbox 722 518 878 603; x_wconf 88' lang='lat' dir='ltr'>oppidum</span> <span class='ocrx_word' id='word_1_24' title='bbox 902 519 976 586; x_wconf 89' lang='lat' dir='ltr'>fuit</span> <span class='ocrx_word' id='word_1_25' title='bbox 1000 522 1158 588; x_wconf 90' lang='lat' dir='ltr'>subsidio.</span> 
     </span>
    </p>

    <p class='ocr_par' dir='ltr' id='par_1_3' title="bbox 95 615 1162 805">
     <span class='ocr_line' id='line_1_5' title="bbox 95 615 1159 702; baseline 0.005 -23"><span class='ocrx_word' id='word_1_26' title='bbox 95 615 181 681; x_wconf 79' lang='lat' dir='ltr'>elta</span> <span class='ocrx_word' id='word_1_27' title='bbox 203 616 284 700; x_wconf 93' lang='lat' dir='ltr'>ipsis</span> <span class='ocrx_word' id='word_1_28' title='bbox 305 615 508 681; x_wconf 77' lang='lat' dir='ltr'><strong>Liberalibus</strong></span> <span class='ocrx_word' id='word_1_29' title='bbox 530 616 596 681; x_wconf 87' lang='lat' dir='ltr'>fusi</span> <span class='ocrx_word' id='word_1_30' title='bbox 618 615 787 700; x_wconf 76' lang='lat' dir='ltr'><strong>fugatique</strong></span> <span class='ocrx_word' id='word_1_31' title='bbox 808 636 876 680; x_wconf 92' lang='lat' dir='ltr'>non</span> <span class='ocrx_word' id='word_1_32' title='bbox 902 619 1159 702; x_wconf 75' lang='lat' dir='ltr'>superfuissent,</span> 
     </span>
     <span class='ocr_line' id='line_1_6' title="bbox 130 713 1162 805; baseline 0.004 -26"><span class='ocrx_word' id='word_1_33' title='bbox 130 715 192 779; x_wconf 88' lang='lat' dir='ltr'>nisi</span> <span class='ocrx_word' id='word_1_34' title='bbox 216 714 250 778; x_wconf 90' lang='lat' dir='ltr'>in</span> <span class='ocrx_word' id='word_1_35' title='bbox 273 736 346 778; x_wconf 89' lang='lat' dir='ltr'>eum</span> <span class='ocrx_word' id='word_1_36' title='bbox 368 713 475 779; x_wconf 91' lang='lat' dir='ltr'>locum</span> <span class='ocrx_word' id='word_1_37' title='bbox 498 713 729 799; x_wconf 76' lang='lat' dir='ltr'>confugissent,</span> <span class='ocrx_word' id='word_1_38' title='bbox 751 735 790 777; x_wconf 89' lang='lat' dir='ltr'>ex</span> <span class='ocrx_word' id='word_1_39' title='bbox 813 733 880 797; x_wconf 92' lang='lat' dir='ltr'>quo</span> <span class='ocrx_word' id='word_1_40' title='bbox 904 721 1009 783; x_wconf 88' lang='lat' dir='ltr'>erant</span> <span class='ocrx_word' id='word_1_41' title='bbox 1028 719 1162 805; x_wconf 83' lang='lat' dir='ltr'>egressi</span> 
     </span>
    </p>

    <p class='ocr_par' dir='ltr' id='par_1_4' title="bbox 95 810 1157 1191">
     <span class='ocr_line' id='line_1_7' title="bbox 95 810 1157 896; baseline 0.007 -21"><span class='ocrx_word' id='word_1_42' title='bbox 95 810 169 876; x_wconf 87' lang='lat'>9111</span> <span class='ocrx_word' id='word_1_43' title='bbox 192 833 256 896; x_wconf 93' lang='lat' dir='ltr'>quo</span> <span class='ocrx_word' id='word_1_44' title='bbox 279 811 402 894; x_wconf 89' lang='lat' dir='ltr'>proelio</span> <span class='ocrx_word' id='word_1_45' title='bbox 426 811 609 876; x_wconf 90' lang='lat' dir='ltr'>ceciderunt</span> <span class='ocrx_word' id='word_1_46' title='bbox 630 810 721 875; x_wconf 88' lang='lat' dir='ltr'>milia</span> <span class='ocrx_word' id='word_1_47' title='bbox 737 810 909 875; x_wconf 91' lang='lat' dir='ltr'>hominum</span> <span class='ocrx_word' id='word_1_48' title='bbox 928 813 1074 881; x_wconf 87' lang='lat' dir='ltr'>circiter</span> <span class='ocrx_word' id='word_1_49' title='bbox 1093 834 1157 880; x_wconf 84' lang='lat' dir='ltr'>m</span> 
     </span>
     <span class='ocr_line' id='line_1_8' title="bbox 130 907 1156 994; baseline 0.004 -19"><span class='ocrx_word' id='word_1_50' title='bbox 130 914 163 975; x_wconf 91' lang='lat' dir='ltr'>et</span> <span class='ocrx_word' id='word_1_51' title='bbox 186 910 213 973; x_wconf 89' lang='lat' dir='ltr'>si</span> <span class='ocrx_word' id='word_1_52' title='bbox 238 908 315 993; x_wconf 92' lang='lat' dir='ltr'>quid</span> <span class='ocrx_word' id='word_1_53' title='bbox 339 908 490 992; x_wconf 85' lang='lat' dir='ltr'>amplius,</span> <span class='ocrx_word' id='word_1_54' title='bbox 512 913 677 992; x_wconf 84' lang='lat' dir='ltr'>practerea</span> <span class='ocrx_word' id='word_1_55' title='bbox 699 908 871 993; x_wconf 80' lang='lat' dir='ltr'>Labienus,</span> <span class='ocrx_word' id='word_1_56' title='bbox 891 907 1020 978; x_wconf 85' lang='lat' dir='ltr'>Attius</span> <span class='ocrx_word' id='word_1_57' title='bbox 1046 911 1156 994; x_wconf 86' lang='lat' dir='ltr'>Varus,</span> 
     </span>
     <span class='ocr_line' id='line_1_9' title="bbox 130 1005 1155 1096; baseline 0.005 -26"><span class='ocrx_word' id='word_1_58' title='bbox 130 1006 249 1092; x_wconf 89' lang='lat' dir='ltr'>quibus</span> <span class='ocrx_word' id='word_1_59' title='bbox 286 1007 400 1071; x_wconf 87' lang='lat' dir='ltr'>occisis</span> <span class='ocrx_word' id='word_1_60' title='bbox 436 1006 582 1090; x_wconf 83' lang='lat' dir='ltr'>utrisque</span> <span class='ocrx_word' id='word_1_61' title='bbox 618 1007 716 1071; x_wconf 86' lang='lat' dir='ltr'>funus</span> <span class='ocrx_word' id='word_1_62' title='bbox 748 1009 798 1071; x_wconf 87' lang='lat' dir='ltr'>eat</span> <span class='ocrx_word' id='word_1_63' title='bbox 828 1005 975 1093; x_wconf 85' lang='lat' dir='ltr'>factum,</span> <span class='ocrx_word' id='word_1_64' title='bbox 1014 1010 1155 1096; x_wconf 85' lang='lat' dir='ltr'>itemque</span> 
     </span>
     <span class='ocr_line' id='line_1_10' title="bbox 129 1102 1153 1191; baseline 0.004 -22"><span class='ocrx_word' id='word_1_65' title='bbox 129 1104 255 1188; x_wconf 81' lang='lat' dir='ltr'>equites</span> <span class='ocrx_word' id='word_1_66' title='bbox 282 1103 420 1169; x_wconf 89' lang='lat' dir='ltr'>Romani</span> <span class='ocrx_word' id='word_1_67' title='bbox 447 1104 565 1186; x_wconf 83' lang='lat' dir='ltr'>partim</span> <span class='ocrx_word' id='word_1_68' title='bbox 593 1127 632 1169; x_wconf 89' lang='lat' dir='ltr'>ex</span> <span class='ocrx_word' id='word_1_69' title='bbox 659 1104 739 1169; x_wconf 91' lang='lat' dir='ltr'>urbe</span> <span class='ocrx_word' id='word_1_70' title='bbox 766 1102 886 1187; x_wconf 86' lang='lat' dir='ltr'>partim</span> <span class='ocrx_word' id='word_1_71' title='bbox 914 1126 960 1170; x_wconf 85' lang='lat' dir='ltr'>ex</span> <span class='ocrx_word' id='word_1_72' title='bbox 986 1108 1153 1191; x_wconf 79' lang='lat' dir='ltr'>provincis</span> 
     </span>
    </p>

    <p class='ocr_par' dir='ltr' id='par_1_5' title="bbox 79 1199 1152 1272">
     <span class='ocr_line' id='line_1_11' title="bbox 79 1199 1152 1272; baseline 0.007 -6"><span class='ocrx_word' id='word_1_73' title='bbox 79 1217 113 1266; x_wconf 81' lang='grc' dir='ltr'>ιο</span> <span class='ocrx_word' id='word_1_74' title='bbox 133 1201 173 1264; x_wconf 84' lang='lat' dir='ltr'>ad</span> <span class='ocrx_word' id='word_1_75' title='bbox 209 1201 299 1265; x_wconf 90' lang='lat' dir='ltr'>milia</span> <span class='ocrx_word' id='word_1_76' title='bbox 330 1220 377 1265; x_wconf 87' lang='lat'><em>111.</em></span> <span class='ocrx_word' id='word_1_77' title='bbox 428 1200 543 1266; x_wconf 82' lang='lat' dir='ltr'>Nostri</span> <span class='ocrx_word' id='word_1_78' title='bbox 580 1202 750 1267; x_wconf 88' lang='lat' dir='ltr'>desiderati</span> <span class='ocrx_word' id='word_1_79' title='bbox 782 1200 823 1264; x_wconf 87' lang='lat' dir='ltr'>ad</span> <span class='ocrx_word' id='word_1_80' title='bbox 853 1199 1038 1270; x_wconf 92' lang='lat' dir='ltr'>hominum</span> <span class='ocrx_word' id='word_1_81' title='bbox 1074 1205 1152 1272; x_wconf 81' lang='lat' dir='ltr'>mille</span> 
     </span>
    </p>

    <p class='ocr_par' dir='ltr' id='par_1_6' title="bbox 79 1298 1151 1580">
     <span class='ocr_line' id='line_1_12' title="bbox 79 1298 1151 1384; baseline 0.004 -21"><span class='ocrx_word' id='word_1_82' title='bbox 79 1316 110 1365; x_wconf 93' lang='lat'>11</span> <span class='ocrx_word' id='word_1_83' title='bbox 131 1300 250 1384; x_wconf 80' lang='lat' dir='ltr'>partim</span> <span class='ocrx_word' id='word_1_84' title='bbox 273 1300 420 1384; x_wconf 89' lang='lat' dir='ltr'>equitum</span> <span class='ocrx_word' id='word_1_85' title='bbox 442 1299 560 1382; x_wconf 87' lang='lat' dir='ltr'>partim</span> <span class='ocrx_word' id='word_1_86' title='bbox 588 1299 747 1384; x_wconf 87' lang='lat' dir='ltr'>peditum;</span> <span class='ocrx_word' id='word_1_87' title='bbox 774 1298 875 1363; x_wconf 80' lang='lat' dir='ltr'>saucii</span> <span class='ocrx_word' id='word_1_88' title='bbox 898 1299 942 1364; x_wconf 86' lang='lat' dir='ltr'>ad</span> <span class='ocrx_word' id='word_1_89' title='bbox 967 1299 1012 1366; x_wconf 91' lang='lat' dir='ltr'>D.</span> <span class='ocrx_word' id='word_1_90' title='bbox 1038 1301 1151 1369; x_wconf 82' lang='lat' dir='ltr'>Adver-</span> 
     </span>
     <span class='ocr_line' id='line_1_13' title="bbox 129 1396 1150 1481; baseline 0.006 -19"><span class='ocrx_word' id='word_1_91' title='bbox 129 1399 288 1463; x_wconf 88' lang='lat' dir='ltr'>sariorum</span> <span class='ocrx_word' id='word_1_92' title='bbox 317 1397 443 1481; x_wconf 88' lang='lat' dir='ltr'>aquilae</span> <span class='ocrx_word' id='word_1_93' title='bbox 471 1401 548 1461; x_wconf 90' lang='lat' dir='ltr'>sunt</span> <span class='ocrx_word' id='word_1_94' title='bbox 574 1397 700 1462; x_wconf 87' lang='lat' dir='ltr'>ablatae</span> <span class='ocrx_word' id='word_1_95' title='bbox 726 1413 790 1460; x_wconf 82' lang='lat' dir='ltr'>xm</span> <span class='ocrx_word' id='word_1_96' title='bbox 813 1400 847 1460; x_wconf 89' lang='lat' dir='ltr'>et</span> <span class='ocrx_word' id='word_1_97' title='bbox 869 1396 971 1481; x_wconf 79' lang='lat' dir='ltr'>signa</span> <span class='ocrx_word' id='word_1_98' title='bbox 994 1403 1034 1465; x_wconf 90' lang='lat' dir='ltr'>et</span> <span class='ocrx_word' id='word_1_99' title='bbox 1057 1401 1150 1467; x_wconf 75' lang='lat' dir='ltr'>fasces</span> 
     </span>
     <span class='ocr_line' id='line_1_14' title="bbox 137 1492 1053 1580; baseline 0 -21"><span class='ocrx_word' id='word_1_100' title='bbox 137 1546 256 1559; x_wconf 93' lang='grc'><strong>......</strong></span> <span class='ocrx_word' id='word_1_101' title='bbox 264 1521 272 1580; x_wconf 82' lang='lat'><em>3</em></span> <span class='ocrx_word' id='word_1_102' title='bbox 298 1499 624 1579; x_wconf 86' lang='lat' dir='ltr'>praeterea.......</span> <span class='ocrx_word' id='word_1_103' title='bbox 667 1492 1053 1565; x_wconf 86' lang='lat' dir='ltr'>Hoshabuit.......</span> 
     </span>
    </p>

    <p class='ocr_par' dir='ltr' id='par_1_7' title="bbox 96 1590 1149 1781">
     <span class='ocr_line' id='line_1_15' title="bbox 96 1590 1149 1677; baseline 0.003 -18"><span class='ocrx_word' id='word_1_104' title='bbox 96 1612 109 1659; x_wconf 89' lang='lat'>1</span> <span class='ocrx_word' id='word_1_105' title='bbox 197 1592 331 1657; x_wconf 87' lang='lat' dir='ltr'>XXXII</span> <span class='ocrx_word' id='word_1_106' title='bbox 375 1642 516 1658; x_wconf 91' lang='grc'><strong>.......</strong></span> <span class='ocrx_word' id='word_1_107' title='bbox 547 1616 586 1658; x_wconf 84' lang='lat' dir='ltr'>ex</span> <span class='ocrx_word' id='word_1_108' title='bbox 610 1592 689 1676; x_wconf 81' lang='lat' dir='ltr'>fuga</span> <span class='ocrx_word' id='word_1_109' title='bbox 710 1591 778 1655; x_wconf 87' lang='lat' dir='ltr'>hac</span> <span class='ocrx_word' id='word_1_110' title='bbox 794 1590 850 1675; x_wconf 91' lang='lat' dir='ltr'>qui</span> <span class='ocrx_word' id='word_1_111' title='bbox 873 1592 1044 1677; x_wconf 92' lang='lat' dir='ltr'>oppidum</span> <span class='ocrx_word' id='word_1_112' title='bbox 1068 1596 1149 1662; x_wconf 82' lang='lat' dir='ltr'>blun-</span> 
     </span>
     <span class='ocr_line' id='line_1_16' title="bbox 131 1689 1148 1781; baseline 0.004 -26"><span class='ocrx_word' id='word_1_113' title='bbox 131 1692 206 1755; x_wconf 87' lang='lat' dir='ltr'>dam</span> <span class='ocrx_word' id='word_1_114' title='bbox 241 1690 305 1756; x_wconf 88' lang='lat' dir='ltr'>sibi</span> <span class='ocrx_word' id='word_1_115' title='bbox 337 1690 580 1755; x_wconf 83' lang='lat' dir='ltr'>constituissent</span> <span class='ocrx_word' id='word_1_116' title='bbox 611 1689 819 1775; x_wconf 77' lang='lat' dir='ltr'>praesidium,</span> <span class='ocrx_word' id='word_1_117' title='bbox 853 1691 1034 1776; x_wconf 87' lang='lat' dir='ltr'>nostrique</span> <span class='ocrx_word' id='word_1_118' title='bbox 1070 1714 1148 1781; x_wconf 80' lang='lat' dir='ltr'>coge</span> 
     </span>
    </p>

    <p class='ocr_par' dir='ltr' id='par_1_8' title="bbox 96 1786 1149 2361">
     <span class='ocr_line' id='line_1_17' title="bbox 96 1786 1147 1859; baseline 0.006 -6"><span class='ocrx_word' id='word_1_119' title='bbox 96 1806 112 1853; x_wconf 71' lang='grc' dir='ltr'>ι</span> <span class='ocrx_word' id='word_1_120' title='bbox 132 1789 251 1852; x_wconf 85' lang='lat' dir='ltr'>bantur</span> <span class='ocrx_word' id='word_1_121' title='bbox 268 1788 447 1852; x_wconf 88' lang='lat' dir='ltr'>necessario</span> <span class='ocrx_word' id='word_1_122' title='bbox 466 1810 520 1852; x_wconf 90' lang='lat' dir='ltr'>eos</span> <span class='ocrx_word' id='word_1_123' title='bbox 539 1787 786 1853; x_wconf 83' lang='lat' dir='ltr'>circumvallare.</span> <span class='ocrx_word' id='word_1_124' title='bbox 815 1786 869 1852; x_wconf 79' lang='lat' dir='ltr'>Ex</span> <span class='ocrx_word' id='word_1_125' title='bbox 886 1786 1045 1856; x_wconf 91' lang='lat' dir='ltr'>hostium</span> <span class='ocrx_word' id='word_1_126' title='bbox 1061 1792 1147 1859; x_wconf 86' lang='lat' dir='ltr'>armis</span> 
     </span>
     <span class='ocr_line' id='line_1_18' title="bbox 130 1884 1148 1995; baseline 0.008 -46"><span class='ocrx_word' id='word_1_127' title='bbox 130 1889 222 1950; x_wconf 88' lang='lat' dir='ltr'>scuta</span> <span class='ocrx_word' id='word_1_128' title='bbox 247 1889 280 1950; x_wconf 92' lang='lat' dir='ltr'>et</span> <span class='ocrx_word' id='word_1_129' title='bbox 301 1884 367 1968; x_wconf 91' lang='lat' dir='ltr'>pila</span> <span class='ocrx_word' id='word_1_130' title='bbox 389 1907 448 1968; x_wconf 92' lang='lat' dir='ltr'>pro</span> <span class='ocrx_word' id='word_1_131' title='bbox 472 1886 605 1969; x_wconf 84' lang='lat' dir='ltr'>cespite,</span> <span class='ocrx_word' id='word_1_132' title='bbox 628 1907 686 1995; x_wconf 85' lang='lat' dir='ltr'>pro</span> <span class='ocrx_word' id='word_1_133' title='bbox 710 1884 794 1950; x_wconf 85' lang='lat' dir='ltr'>vallo</span> <span class='ocrx_word' id='word_1_134' title='bbox 822 1885 983 1952; x_wconf 72' lang='lat' dir='ltr'>mdavera</span> <span class='ocrx_word' id='word_1_135' title='bbox 1009 1890 1148 1956; x_wconf 70' lang='lat' dir='ltr'>conloco</span> 
     </span>
     <span class='ocr_line' id='line_1_19' title="bbox 129 1982 1148 2068; baseline 0.005 -21"><span class='ocrx_word' id='word_1_136' title='bbox 129 1984 209 2047; x_wconf 89' lang='lat' dir='ltr'>bant</span> <span class='ocrx_word' id='word_1_137' title='bbox 195 1987 262 2068; x_wconf 75' lang='lat' dir='ltr'>tur,</span> <span class='ocrx_word' id='word_1_138' title='bbox 294 1983 425 2066; x_wconf 89' lang='lat' dir='ltr'>insuper</span> <span class='ocrx_word' id='word_1_139' title='bbox 456 1984 633 2048; x_wconf 88' lang='lat' dir='ltr'>occisorum</span> <span class='ocrx_word' id='word_1_140' title='bbox 666 1984 700 2046; x_wconf 89' lang='lat' dir='ltr'>in</span> <span class='ocrx_word' id='word_1_141' title='bbox 727 1982 908 2068; x_wconf 79' lang='lat' dir='ltr'>gladiorum</span> <span class='ocrx_word' id='word_1_142' title='bbox 938 1988 1148 2054; x_wconf 82' lang='lat' dir='ltr'>mucronibus</span> 
     </span>
     <span class='ocr_line' id='line_1_20' title="bbox 129 2080 1148 2165; baseline 0.006 -19"><span class='ocrx_word' id='word_1_143' title='bbox 129 2081 237 2165; x_wconf 88' lang='lat' dir='ltr'>capita</span> <span class='ocrx_word' id='word_1_144' title='bbox 263 2080 431 2145; x_wconf 91' lang='lat' dir='ltr'>hominum</span> <span class='ocrx_word' id='word_1_145' title='bbox 458 2082 605 2146; x_wconf 92' lang='lat' dir='ltr'>ordinata</span> <span class='ocrx_word' id='word_1_146' title='bbox 632 2081 672 2145; x_wconf 89' lang='lat' dir='ltr'>ad</span> <span class='ocrx_word' id='word_1_147' title='bbox 699 2081 853 2165; x_wconf 92' lang='lat' dir='ltr'>oppidum</span> <span class='ocrx_word' id='word_1_148' title='bbox 876 2102 1058 2151; x_wconf 85' lang='lat' dir='ltr'>conversa:</span> <span class='ocrx_word' id='word_1_149' title='bbox 1090 2085 1148 2152; x_wconf 91' lang='lat' dir='ltr'>uni·</span> 
     </span>
     <span class='ocr_line' id='line_1_21' title="bbox 130 2178 1149 2271; baseline 0.003 -29"><span class='ocrx_word' id='word_1_150' title='bbox 130 2201 222 2243; x_wconf 83' lang='lat' dir='ltr'>versa</span> <span class='ocrx_word' id='word_1_151' title='bbox 252 2178 397 2243; x_wconf 90' lang='lat' dir='ltr'>hostium</span> <span class='ocrx_word' id='word_1_152' title='bbox 429 2179 578 2244; x_wconf 91' lang='lat' dir='ltr'>timorem</span> <span class='ocrx_word' id='word_1_153' title='bbox 608 2229 750 2243; x_wconf 91' lang='grc'><strong>.......</strong></span> <span class='ocrx_word' id='word_1_154' title='bbox 780 2178 979 2262; x_wconf 85' lang='lat' dir='ltr'>virtutisque</span> <span class='ocrx_word' id='word_1_155' title='bbox 1013 2183 1149 2271; x_wconf 79' lang='lat' dir='ltr'>insignia</span> 
     </span>
     <span class='ocr_line' id='line_1_22' title="bbox 130 2275 1148 2361; baseline 0.007 -20"><span class='ocrx_word' id='word_1_156' title='bbox 130 2277 296 2361; x_wconf 84' lang='lat' dir='ltr'>proposita</span> <span class='ocrx_word' id='word_1_157' title='bbox 326 2277 473 2342; x_wconf 84' lang='lat' dir='ltr'>viderent</span> <span class='ocrx_word' id='word_1_158' title='bbox 504 2281 537 2341; x_wconf 92' lang='lat' dir='ltr'>et</span> <span class='ocrx_word' id='word_1_159' title='bbox 567 2275 652 2341; x_wconf 84' lang='lat' dir='ltr'>vallo</span> <span class='ocrx_word' id='word_1_160' title='bbox 683 2275 1020 2345; x_wconf 90' lang='lat' dir='ltr'>circumcluderentur</span> <span class='ocrx_word' id='word_1_161' title='bbox 1049 2282 1148 2347; x_wconf 79' lang='lat' dir='ltr'>adver·</span> 
     </span>
    </p>

    <p class='ocr_par' dir='ltr' id='par_1_9' title="bbox 95 2372 1149 2561">
     <span class='ocr_line' id='line_1_23' title="bbox 95 2372 1149 2461; baseline 0.004 -21"><span class='ocrx_word' id='word_1_162' title='bbox 95 2375 215 2440; x_wconf 81' lang='lat' dir='ltr'>esurii.</span> <span class='ocrx_word' id='word_1_163' title='bbox 261 2372 312 2438; x_wconf 86' lang='lat' dir='ltr'>Ita</span> <span class='ocrx_word' id='word_1_164' title='bbox 335 2373 421 2439; x_wconf 78' lang='lat' dir='ltr'>Galli</span> <span class='ocrx_word' id='word_1_165' title='bbox 443 2373 581 2461; x_wconf 84' lang='lat' dir='ltr'>tragulis</span> <span class='ocrx_word' id='word_1_166' title='bbox 604 2373 780 2458; x_wconf 88' lang='lat' dir='ltr'>iaculisque</span> <span class='ocrx_word' id='word_1_167' title='bbox 803 2373 974 2459; x_wconf 90' lang='lat' dir='ltr'>oppidum,</span> <span class='ocrx_word' id='word_1_168' title='bbox 1005 2382 1096 2461; x_wconf 76' lang='lat' dir='ltr'>quod</span> <span class='ocrx_word' id='word_1_169' title='bbox 1117 2400 1149 2444; x_wconf 84' lang='lat' dir='ltr'>ex</span> 
     </span>
     <span class='ocr_line' id='line_1_24' title="bbox 131 2470 1149 2561; baseline 0.009 -26"><span class='ocrx_word' id='word_1_170' title='bbox 131 2471 275 2536; x_wconf 90' lang='lat' dir='ltr'>hostium</span> <span class='ocrx_word' id='word_1_171' title='bbox 299 2471 505 2536; x_wconf 84' lang='lat' dir='ltr'>cadaveribus</span> <span class='ocrx_word' id='word_1_172' title='bbox 529 2475 606 2536; x_wconf 89' lang='lat' dir='ltr'>sunt</span> <span class='ocrx_word' id='word_1_173' title='bbox 628 2470 847 2556; x_wconf 83' lang='lat' dir='ltr'>circumplexi,</span> <span class='ocrx_word' id='word_1_174' title='bbox 870 2494 1072 2561; x_wconf 80' lang='lat' dir='ltr'>oppugnare</span> <span class='ocrx_word' id='word_1_175' title='bbox 1090 2498 1149 2544; x_wconf 81' lang='lat' dir='ltr'>coe</span> 
     </span>
    </p>

    <p class='ocr_par' dir='ltr' id='par_1_10' title="bbox 95 2568 1150 2753">
     <span class='ocr_line' id='line_1_25' title="bbox 95 2568 1150 2653; baseline 0.005 -17"><span class='ocrx_word' id='word_1_176' title='bbox 95 2587 113 2636; x_wconf 84' lang='lat'>4</span> <span class='ocrx_word' id='word_1_177' title='bbox 131 2574 257 2653; x_wconf 90' lang='lat' dir='ltr'>perunt.</span> <span class='ocrx_word' id='word_1_178' title='bbox 293 2568 345 2632; x_wconf 78' lang='lat' dir='ltr'>Ex</span> <span class='ocrx_word' id='word_1_179' title='bbox 367 2568 429 2633; x_wconf 91' lang='lat' dir='ltr'>hoe</span> <span class='ocrx_word' id='word_1_180' title='bbox 446 2569 569 2653; x_wconf 90' lang='lat' dir='ltr'>proelio</span> <span class='ocrx_word' id='word_1_181' title='bbox 588 2568 739 2634; x_wconf 87' lang='lat' dir='ltr'>Valerius</span> <span class='ocrx_word' id='word_1_182' title='bbox 758 2568 945 2635; x_wconf 83' lang='lat' dir='ltr'>adulescens</span> <span class='ocrx_word' id='word_1_183' title='bbox 964 2568 1150 2641; x_wconf 75' lang='lat' dir='ltr'>cordubam</span> 
     </span>
     <span class='ocr_line' id='line_1_26' title="bbox 132 2665 1149 2753; baseline 0.006 -20"><span class='ocrx_word' id='word_1_184' title='bbox 132 2690 206 2733; x_wconf 91' lang='lat' dir='ltr'>cum</span> <span class='ocrx_word' id='word_1_185' title='bbox 224 2666 336 2750; x_wconf 87' lang='lat' dir='ltr'>paucis</span> <span class='ocrx_word' id='word_1_186' title='bbox 350 2667 513 2749; x_wconf 90' lang='lat' dir='ltr'>equitibus</span> <span class='ocrx_word' id='word_1_187' title='bbox 527 2667 622 2753; x_wconf 80' lang='lat' dir='ltr'>fugit,</span> <span class='ocrx_word' id='word_1_188' title='bbox 641 2665 712 2731; x_wconf 86' lang='lat' dir='ltr'>Sex.</span> <span class='ocrx_word' id='word_1_189' title='bbox 726 2665 893 2751; x_wconf 89' lang='lat' dir='ltr'>Pompeio,</span> <span class='ocrx_word' id='word_1_190' title='bbox 908 2668 966 2751; x_wconf 92' lang='lat' dir='ltr'>qui</span> <span class='ocrx_word' id='word_1_191' title='bbox 982 2667 1149 2738; x_wconf 77' lang='lat' dir='ltr'>Cordubae</span> 
     </span>
    </p>

    <p class='ocr_par' dir='ltr' id='par_1_11' title="bbox 98 2763 1151 3142">
     <span class='ocr_line' id='line_1_27' title="bbox 98 2763 1150 2856; baseline 0.006 -27"><span class='ocrx_word' id='word_1_192' title='bbox 98 2782 113 2830; x_wconf 78' lang='lat' dir='ltr'>e</span> <span class='ocrx_word' id='word_1_193' title='bbox 132 2764 257 2847; x_wconf 85' lang='lat' dir='ltr'>fuisset,</span> <span class='ocrx_word' id='word_1_194' title='bbox 280 2785 348 2827; x_wconf 90' lang='lat' dir='ltr'>rem</span> <span class='ocrx_word' id='word_1_195' title='bbox 372 2768 496 2847; x_wconf 79' lang='lat' dir='ltr'>gestam</span> <span class='ocrx_word' id='word_1_196' title='bbox 518 2766 625 2829; x_wconf 88' lang='lat' dir='ltr'>refert.</span> <span class='ocrx_word' id='word_1_197' title='bbox 664 2763 802 2850; x_wconf 78' lang='lat' dir='ltr'>Cognito</span> <span class='ocrx_word' id='word_1_198' title='bbox 821 2764 883 2830; x_wconf 93' lang='lat' dir='ltr'>hoc</span> <span class='ocrx_word' id='word_1_199' title='bbox 901 2768 1053 2854; x_wconf 78' lang='lat' dir='ltr'>negotio,</span> <span class='ocrx_word' id='word_1_200' title='bbox 1078 2790 1150 2856; x_wconf 82' lang='lat' dir='ltr'>qnos</span> 
     </span>
     <span class='ocr_line' id='line_1_28' title="bbox 133 2860 1150 2947; baseline 0.008 -21"><span class='ocrx_word' id='word_1_201' title='bbox 133 2861 258 2945; x_wconf 89' lang='lat' dir='ltr'>equites</span> <span class='ocrx_word' id='word_1_202' title='bbox 290 2882 398 2924; x_wconf 89' lang='lat' dir='ltr'>secum</span> <span class='ocrx_word' id='word_1_203' title='bbox 429 2860 558 2946; x_wconf 88' lang='lat' dir='ltr'>habuit,</span> <span class='ocrx_word' id='word_1_204' title='bbox 589 2861 675 2946; x_wconf 91' lang='lat' dir='ltr'>quod</span> <span class='ocrx_word' id='word_1_205' title='bbox 706 2862 859 2946; x_wconf 88' lang='lat' dir='ltr'>pecuniae</span> <span class='ocrx_word' id='word_1_206' title='bbox 887 2884 1003 2929; x_wconf 92' lang='lat' dir='ltr'>secum</span> <span class='ocrx_word' id='word_1_207' title='bbox 1032 2867 1150 2947; x_wconf 70' lang='lat' dir='ltr'>habuit</span> 
     </span>
     <span class='ocr_line' id='line_1_29' title="bbox 134 2957 1150 3044; baseline 0.002 -22"><span class='ocrx_word' id='word_1_208' title='bbox 134 2959 181 3023; x_wconf 84' lang='lat' dir='ltr'>e&#39;is</span> <span class='ocrx_word' id='word_1_209' title='bbox 209 2957 375 3022; x_wconf 90' lang='lat' dir='ltr'>distribuit</span> <span class='ocrx_word' id='word_1_210' title='bbox 402 2961 435 3021; x_wconf 90' lang='lat' dir='ltr'>et</span> <span class='ocrx_word' id='word_1_211' title='bbox 461 2958 630 3042; x_wconf 85' lang='lat' dir='ltr'>oppidanis</span> <span class='ocrx_word' id='word_1_212' title='bbox 658 2959 741 3025; x_wconf 84' lang='lat' dir='ltr'>dixit</span> <span class='ocrx_word' id='word_1_213' title='bbox 772 2982 806 3024; x_wconf 92' lang='lat' dir='ltr'>se</span> <span class='ocrx_word' id='word_1_214' title='bbox 833 2960 872 3023; x_wconf 91' lang='lat' dir='ltr'>de</span> <span class='ocrx_word' id='word_1_215' title='bbox 902 2982 985 3044; x_wconf 88' lang='lat' dir='ltr'>pace</span> <span class='ocrx_word' id='word_1_216' title='bbox 1015 2967 1061 3031; x_wconf 82' lang='lat' dir='ltr'>ad</span> <span class='ocrx_word' id='word_1_217' title='bbox 1085 2965 1150 3031; x_wconf 78' lang='lat' dir='ltr'>an-</span> 
     </span>
     <span class='ocr_line' id='line_1_30' title="bbox 134 3054 1151 3142; baseline 0.006 -23"><span class='ocrx_word' id='word_1_218' title='bbox 134 3077 237 3120; x_wconf 88' lang='lat' dir='ltr'>sarem</span> <span class='ocrx_word' id='word_1_219' title='bbox 260 3054 421 3138; x_wconf 88' lang='lat' dir='ltr'>proficisci</span> <span class='ocrx_word' id='word_1_220' title='bbox 443 3060 477 3120; x_wconf 90' lang='lat' dir='ltr'>et</span> <span class='ocrx_word' id='word_1_221' title='bbox 501 3058 640 3121; x_wconf 89' lang='lat' dir='ltr'>secunda</span> <span class='ocrx_word' id='word_1_222' title='bbox 657 3056 770 3142; x_wconf 79' lang='lat' dir='ltr'>vigilia</span> <span class='ocrx_word' id='word_1_223' title='bbox 793 3056 833 3120; x_wconf 88' lang='lat' dir='ltr'>ab</span> <span class='ocrx_word' id='word_1_224' title='bbox 853 3057 972 3141; x_wconf 92' lang='lat' dir='ltr'>oppido</span> <span class='ocrx_word' id='word_1_225' title='bbox 995 3061 1151 3129; x_wconf 77' lang='lat' dir='ltr'>discessit</span> 
     </span>
    </p>
   </div>
   <div class='ocr_carea' id='block_1_3' title="bbox 99 3152 1154 3639">
    <p class='ocr_par' dir='ltr' id='par_1_12' title="bbox 99 3152 1152 3440">
     <span class='ocr_line' id='line_1_31' title="bbox 99 3152 1152 3246; baseline 0.007 -27"><span class='ocrx_word' id='word_1_226' title='bbox 99 3172 115 3219; x_wconf 81' lang='grc'>6</span> <span class='ocrx_word' id='word_1_227' title='bbox 135 3152 191 3217; x_wconf 84' lang='lat' dir='ltr'>Gn.</span> <span class='ocrx_word' id='word_1_228' title='bbox 209 3152 381 3238; x_wconf 88' lang='lat' dir='ltr'>Pompeius</span> <span class='ocrx_word' id='word_1_229' title='bbox 405 3178 477 3221; x_wconf 89' lang='lat' dir='ltr'>cum</span> <span class='ocrx_word' id='word_1_230' title='bbox 501 3155 664 3240; x_wconf 90' lang='lat' dir='ltr'>equitibus</span> <span class='ocrx_word' id='word_1_231' title='bbox 686 3154 797 3238; x_wconf 88' lang='lat' dir='ltr'>paucis</span> <span class='ocrx_word' id='word_1_232' title='bbox 816 3154 1054 3243; x_wconf 88' lang='lat' dir='ltr'>nonnullisque</span> <span class='ocrx_word' id='word_1_233' title='bbox 1074 3158 1152 3246; x_wconf 85' lang='lat' dir='ltr'>pedi·</span> 
     </span>
     <span class='ocr_line' id='line_1_32' title="bbox 135 3250 1152 3337; baseline 0.01 -22"><span class='ocrx_word' id='word_1_234' title='bbox 135 3252 224 3316; x_wconf 90' lang='lat' dir='ltr'>tibus</span> <span class='ocrx_word' id='word_1_235' title='bbox 253 3252 292 3315; x_wconf 85' lang='lat' dir='ltr'>ad</span> <span class='ocrx_word' id='word_1_236' title='bbox 319 3254 430 3318; x_wconf 84' lang='lat' dir='ltr'>navale</span> <span class='ocrx_word' id='word_1_237' title='bbox 460 3253 655 3337; x_wconf 90' lang='lat' dir='ltr'>praesidium</span> <span class='ocrx_word' id='word_1_238' title='bbox 682 3252 860 3336; x_wconf 85' lang='lat' dir='ltr'>parandum</span> <span class='ocrx_word' id='word_1_239' title='bbox 888 3250 1060 3324; x_wconf 66' lang='lat' dir='ltr'>deuiam</span> <span class='ocrx_word' id='word_1_240' title='bbox 1089 3281 1152 3326; x_wconf 87' lang='lat' dir='ltr'>eou-</span> 
     </span>
     <span class='ocr_line' id='line_1_33' title="bbox 136 3349 1152 3440; baseline 0.003 -27"><span class='ocrx_word' id='word_1_241' title='bbox 136 3350 250 3432; x_wconf 87' lang='lat' dir='ltr'>tendit,</span> <span class='ocrx_word' id='word_1_242' title='bbox 273 3350 359 3433; x_wconf 91' lang='lat' dir='ltr'>quod</span> <span class='ocrx_word' id='word_1_243' title='bbox 381 3350 535 3434; x_wconf 90' lang='lat' dir='ltr'>oppidum</span> <span class='ocrx_word' id='word_1_244' title='bbox 559 3351 650 3414; x_wconf 87' lang='lat' dir='ltr'>abest</span> <span class='ocrx_word' id='word_1_245' title='bbox 673 3373 692 3414; x_wconf 85' lang='lat' dir='ltr'>a</span> <span class='ocrx_word' id='word_1_246' title='bbox 710 3349 859 3415; x_wconf 79' lang='lat' dir='ltr'>Corduba</span> <span class='ocrx_word' id='word_1_247' title='bbox 881 3349 975 3416; x_wconf 87' lang='lat' dir='ltr'>milia</span> <span class='ocrx_word' id='word_1_248' title='bbox 1000 3377 1152 3440; x_wconf 78' lang='lat' dir='ltr'>passuum</span> 
     </span>
    </p>

    <p class='ocr_par' dir='ltr' id='par_1_13' title="bbox 103 3446 1154 3639">
     <span class='ocr_line' id='line_1_34' title="bbox 103 3446 1153 3535; baseline 0.006 -23"><span class='ocrx_word' id='word_1_249' title='bbox 103 3463 240 3512; x_wconf 71' lang='lat' dir='ltr'>sonxx.</span> <span class='ocrx_word' id='word_1_250' title='bbox 299 3446 369 3523; x_wconf 84' lang='lat' dir='ltr'>Quo</span> <span class='ocrx_word' id='word_1_251' title='bbox 411 3469 482 3511; x_wconf 90' lang='lat' dir='ltr'>eum</span> <span class='ocrx_word' id='word_1_252' title='bbox 525 3449 565 3512; x_wconf 90' lang='lat' dir='ltr'>ad</span> <span class='ocrx_word' id='word_1_253' title='bbox 601 3451 749 3512; x_wconf 83' lang='lat' dir='ltr'>octavum</span> <span class='ocrx_word' id='word_1_254' title='bbox 788 3446 966 3513; x_wconf 88' lang='lat' dir='ltr'>miliarium</span> <span class='ocrx_word' id='word_1_255' title='bbox 1005 3456 1153 3535; x_wconf 81' lang='lat' dir='ltr'>venisset,</span> 
     </span>
     <span class='ocr_line' id='line_1_35' title="bbox 138 3543 1154 3639; baseline 0.006 -31"><span class='ocrx_word' id='word_1_256' title='bbox 138 3543 174 3608; x_wconf 90' lang='lat' dir='ltr'>P.</span> <span class='ocrx_word' id='word_1_257' title='bbox 207 3543 382 3628; x_wconf 82' lang='lat' dir='ltr'>Guueilius,</span> <span class='ocrx_word' id='word_1_258' title='bbox 419 3546 474 3628; x_wconf 92' lang='lat' dir='ltr'>qui</span> <span class='ocrx_word' id='word_1_259' title='bbox 511 3546 625 3609; x_wconf 83' lang='lat' dir='ltr'>castris</span> <span class='ocrx_word' id='word_1_260' title='bbox 657 3549 751 3609; x_wconf 85' lang='lat' dir='ltr'>antes</span> <span class='ocrx_word' id='word_1_261' title='bbox 781 3544 916 3629; x_wconf 91' lang='lat' dir='ltr'>Pompei</span> <span class='ocrx_word' id='word_1_262' title='bbox 947 3554 1154 3639; x_wconf 75' lang='lat' dir='ltr'>praepositus</span> 
     </span>
    </p>
   </div>
   <div class='ocr_carea' id='block_1_4' title="bbox 0 0 1212 3968">
    <p class='ocr_par' dir='ltr' id='par_1_14' title="bbox 0 0 1212 3968">
     <span class='ocr_line' id='line_1_36' title="bbox 0 0 1212 3968; baseline 0 2"><span class='ocrx_word' id='word_1_263' title='bbox 0 0 1212 3968; x_wconf 95' lang='lat' dir='ltr'> </span> 
     </span>
    </p>
   </div>
  </div>
 </body>
</html>
