<?xml version="1.0" encoding="UTF-8"?>
<!DOCTYPE html PUBLIC "-//W3C//DTD XHTML 1.0 Transitional//EN"
    "http://www.w3.org/TR/xhtml1/DTD/xhtml1-transitional.dtd">
<html xmlns="http://www.w3.org/1999/xhtml" xml:lang="en" lang="en">
 <head>
  <title>
</title>
<meta http-equiv="Content-Type" content="text/html;charset=utf-8" />
  <meta name='ocr-system' content='tesseract 3.04.00' />
  <meta name='ocr-capabilities' content='ocr_page ocr_carea ocr_par ocr_line ocrx_word'/>
</head>
<body>
  <div class='ocr_page' id='page_1' title='image "./commentariicuma00wlgoog_0062.png"; bbox 0 0 2414 3968; ppageno 0'>
   <div class='ocr_carea' id='block_1_1' title="bbox 436 211 1095 280">
    <p class='ocr_par' dir='ltr' id='par_1_1' title="bbox 436 211 1095 280">
     <span class='ocr_line' id='line_1_1' title="bbox 436 211 1095 280; baseline 0.003 -14"><span class='ocrx_word' id='word_1_1' title='bbox 436 211 513 266; x_wconf 79' lang='lat' dir='ltr'><strong>OAP.</strong></span> <span class='ocrx_word' id='word_1_2' title='bbox 532 213 741 268; x_wconf 82' lang='lat' dir='ltr'><strong>XVI-XVIIII.</strong></span> <span class='ocrx_word' id='word_1_3' title='bbox 1054 215 1095 280; x_wconf 84' lang='lat'><strong>13</strong></span> 
     </span>
    </p>
   </div>
   <div class='ocr_carea' id='block_1_2' title="bbox 82 357 1129 2774">
    <p class='ocr_par' dir='ltr' id='par_1_2' title="bbox 82 357 1129 1395">
     <span class='ocr_line' id='line_1_2' title="bbox 84 357 1094 445; baseline 0.004 -24"><span class='ocrx_word' id='word_1_4' title='bbox 84 361 228 441; x_wconf 90' lang='lat' dir='ltr'><strong>tempore</strong></span> <span class='ocrx_word' id='word_1_5' title='bbox 252 361 348 422; x_wconf 84' lang='lat' dir='ltr'><strong>etex</strong></span> <span class='ocrx_word' id='word_1_6' title='bbox 370 357 464 422; x_wconf 87' lang='lat' dir='ltr'><strong>tectis</strong></span> <span class='ocrx_word' id='word_1_7' title='bbox 492 357 710 423; x_wconf 87' lang='lat' dir='ltr'><strong>aedificiorum</strong></span> <span class='ocrx_word' id='word_1_8' title='bbox 732 361 980 445; x_wconf 77' lang='lat' dir='ltr'>propugnabant</span> <span class='ocrx_word' id='word_1_9' title='bbox 1003 364 1036 425; x_wconf 96' lang='lat' dir='ltr'><strong>et</strong></span> <span class='ocrx_word' id='word_1_10' title='bbox 1057 359 1094 424; x_wconf 93' lang='lat' dir='ltr'><strong>li-</strong></span> 
     </span>
     <span class='ocr_line' id='line_1_3' title="bbox 84 454 1095 541; baseline 0 -22"><span class='ocrx_word' id='word_1_11' title='bbox 84 459 157 519; x_wconf 90' lang='lat' dir='ltr'><strong>tora</strong></span> <span class='ocrx_word' id='word_1_12' title='bbox 179 455 294 519; x_wconf 89' lang='lat' dir='ltr'><strong>armati</strong></span> <span class='ocrx_word' id='word_1_13' title='bbox 317 454 538 540; x_wconf 73' lang='lat' dir='ltr'><strong>defendebant,</strong></span> <span class='ocrx_word' id='word_1_14' title='bbox 561 476 625 539; x_wconf 90' lang='lat' dir='ltr'><strong>quo</strong></span> <span class='ocrx_word' id='word_1_15' title='bbox 648 459 781 540; x_wconf 90' lang='lat' dir='ltr'><strong>propter</strong></span> <span class='ocrx_word' id='word_1_16' title='bbox 803 457 1009 541; x_wconf 77' lang='lat' dir='ltr'><strong>asperitatem</strong></span> <span class='ocrx_word' id='word_1_17' title='bbox 1031 455 1095 521; x_wconf 91' lang='lat' dir='ltr'><strong>loci</strong></span> 
     </span>
     <span class='ocr_line' id='line_1_4' title="bbox 84 551 1094 638; baseline 0 -21"><span class='ocrx_word' id='word_1_18' title='bbox 84 574 150 617; x_wconf 91' lang='lat' dir='ltr'><strong>non</strong></span> <span class='ocrx_word' id='word_1_19' title='bbox 172 551 277 616; x_wconf 86' lang='lat' dir='ltr'><strong>facilis</strong></span> <span class='ocrx_word' id='word_1_20' title='bbox 300 551 420 617; x_wconf 90' lang='lat' dir='ltr'><strong>nostris</strong></span> <span class='ocrx_word' id='word_1_21' title='bbox 443 552 549 616; x_wconf 76' lang='lat' dir='ltr'><strong>adltus</strong></span> <span class='ocrx_word' id='word_1_22' title='bbox 566 552 717 637; x_wconf 86' lang='lat' dir='ltr'><strong>dabatur,</strong></span> <span class='ocrx_word' id='word_1_23' title='bbox 740 557 773 618; x_wconf 96' lang='lat' dir='ltr'><strong>et</strong></span> <span class='ocrx_word' id='word_1_24' title='bbox 796 554 923 638; x_wconf 88' lang='lat' dir='ltr'><strong>scaphis</strong></span> <span class='ocrx_word' id='word_1_25' title='bbox 946 554 1094 619; x_wconf 85' lang='lat' dir='ltr'><strong>navibus-</strong></span> 
     </span>
     <span class='ocr_line' id='line_1_5' title="bbox 84 648 1095 735; baseline 0.001 -21"><span class='ocrx_word' id='word_1_26' title='bbox 84 671 148 734; x_wconf 90' lang='lat' dir='ltr'><strong>que</strong></span> <span class='ocrx_word' id='word_1_27' title='bbox 169 649 277 734; x_wconf 87' lang='lat' dir='ltr'><strong>longis</strong></span> <span class='ocrx_word' id='word_1_28' title='bbox 296 649 438 733; x_wconf 90' lang='lat' dir='ltr'><strong>quinque</strong></span> <span class='ocrx_word' id='word_1_29' title='bbox 455 648 620 713; x_wconf 88' lang='lat' dir='ltr'><strong>mobiliter</strong></span> <span class='ocrx_word' id='word_1_30' title='bbox 638 653 671 713; x_wconf 90' lang='lat' dir='ltr'><strong>et</strong></span> <span class='ocrx_word' id='word_1_31' title='bbox 694 649 834 714; x_wconf 80' lang='lat' dir='ltr'><strong>scienter</strong></span> <span class='ocrx_word' id='word_1_32' title='bbox 848 650 1013 735; x_wconf 82' lang='lat' dir='ltr'><strong>angustias</strong></span> <span class='ocrx_word' id='word_1_33' title='bbox 1031 649 1095 715; x_wconf 92' lang='lat' dir='ltr'><strong>loci</strong></span> 
     </span>
     <span class='ocr_line' id='line_1_6' title="bbox 83 743 1129 832; baseline -0.001 -22"><span class='ocrx_word' id='word_1_34' title='bbox 83 746 266 810; x_wconf 86' lang='lat' dir='ltr'><strong>tuebantur.</strong></span> <span class='ocrx_word' id='word_1_35' title='bbox 312 743 375 810; x_wconf 82' lang='lat' dir='ltr'><strong>Sed</strong></span> <span class='ocrx_word' id='word_1_36' title='bbox 407 746 464 810; x_wconf 94' lang='lat' dir='ltr'><strong>ubi</strong></span> <span class='ocrx_word' id='word_1_37' title='bbox 493 746 634 829; x_wconf 90' lang='lat' dir='ltr'><strong>primum</strong></span> <span class='ocrx_word' id='word_1_38' title='bbox 663 746 744 812; x_wconf 76' lang='lat' dir='ltr'><strong>locIs</strong></span> <span class='ocrx_word' id='word_1_39' title='bbox 774 747 913 832; x_wconf 82' lang='lat' dir='ltr'><strong>cognitis</strong></span> <span class='ocrx_word' id='word_1_40' title='bbox 940 748 1129 831; x_wconf 78' lang='lat' dir='ltr'><strong>vadisqueo</strong></span> 
     </span>
     <span class='ocr_line' id='line_1_7' title="bbox 83 842 1095 929; baseline 0.002 -22"><span class='ocrx_word' id='word_1_41' title='bbox 83 843 308 927; x_wconf 89' lang='lat' dir='ltr'><strong>pertemptatis</strong></span> <span class='ocrx_word' id='word_1_42' title='bbox 334 844 430 927; x_wconf 91' lang='lat' dir='ltr'><strong>pauci</strong></span> <span class='ocrx_word' id='word_1_43' title='bbox 456 843 561 907; x_wconf 91' lang='lat' dir='ltr'><strong>nostri</strong></span> <span class='ocrx_word' id='word_1_44' title='bbox 582 843 617 907; x_wconf 90' lang='lat' dir='ltr'><strong>in</strong></span> <span class='ocrx_word' id='word_1_45' title='bbox 642 842 739 908; x_wconf 88' lang='lat' dir='ltr'><strong>litore</strong></span> <span class='ocrx_word' id='word_1_46' title='bbox 762 843 976 909; x_wconf 90' lang='lat' dir='ltr'><strong>constiterunt</strong></span> <span class='ocrx_word' id='word_1_47' title='bbox 999 848 1095 929; x_wconf 91' lang='lat' dir='ltr'><strong>atque</strong></span> 
     </span>
     <span class='ocr_line' id='line_1_8' title="bbox 82 939 1095 1026; baseline 0.001 -23"><span class='ocrx_word' id='word_1_48' title='bbox 82 939 145 1004; x_wconf 90' lang='lat' dir='ltr'><strong>hos</strong></span> <span class='ocrx_word' id='word_1_49' title='bbox 172 944 248 1005; x_wconf 91' lang='lat' dir='ltr'><strong>sunt</strong></span> <span class='ocrx_word' id='word_1_50' title='bbox 275 940 331 1005; x_wconf 88' lang='lat' dir='ltr'><strong>alii</strong></span> <span class='ocrx_word' id='word_1_51' title='bbox 358 941 523 1026; x_wconf 79' lang='lat' dir='ltr'><strong>subsecuti</strong></span> <span class='ocrx_word' id='word_1_52' title='bbox 551 943 799 1025; x_wconf 87' lang='lat' dir='ltr'><strong>constanterque</strong></span> <span class='ocrx_word' id='word_1_53' title='bbox 826 941 952 1026; x_wconf 89' lang='lat' dir='ltr'><strong>ineos,</strong></span> <span class='ocrx_word' id='word_1_54' title='bbox 982 943 1038 1026; x_wconf 91' lang='lat' dir='ltr'><strong>qui</strong></span> <span class='ocrx_word' id='word_1_55' title='bbox 1060 942 1095 1006; x_wconf 91' lang='lat' dir='ltr'><strong>in</strong></span> 
     </span>
     <span class='ocr_line' id='line_1_9' title="bbox 82 1035 1095 1122; baseline 0.001 -21"><span class='ocrx_word' id='word_1_56' title='bbox 82 1037 179 1101; x_wconf 90' lang='lat' dir='ltr'><strong>litore</strong></span> <span class='ocrx_word' id='word_1_57' title='bbox 198 1059 300 1121; x_wconf 90' lang='lat' dir='ltr'><strong>aequo</strong></span> <span class='ocrx_word' id='word_1_58' title='bbox 323 1037 519 1122; x_wconf 87' lang='lat' dir='ltr'><strong>institerant,</strong></span> <span class='ocrx_word' id='word_1_59' title='bbox 537 1037 694 1121; x_wconf 90' lang='lat' dir='ltr'><strong>impetum</strong></span> <span class='ocrx_word' id='word_1_60' title='bbox 711 1035 865 1122; x_wconf 84' lang='lat' dir='ltr'><strong>fecerunt,</strong></span> <span class='ocrx_word' id='word_1_61' title='bbox 884 1059 995 1103; x_wconf 90' lang='lat' dir='ltr'><strong>omnes</strong></span> <span class='ocrx_word' id='word_1_62' title='bbox 1013 1037 1095 1102; x_wconf 91' lang='lat' dir='ltr'><strong>Pha·</strong></span> 
     </span>
     <span class='ocr_line' id='line_1_10' title="bbox 83 1133 1129 1220; baseline 0 -21"><span class='ocrx_word' id='word_1_63' title='bbox 83 1135 164 1199; x_wconf 89' lang='lat' dir='ltr'><strong>ritae</strong></span> <span class='ocrx_word' id='word_1_64' title='bbox 193 1137 285 1220; x_wconf 85' lang='lat' dir='ltr'><strong>terga</strong></span> <span class='ocrx_word' id='word_1_65' title='bbox 311 1138 486 1200; x_wconf 86' lang='lat' dir='ltr'><strong>verterunt.</strong></span> <span class='ocrx_word' id='word_1_66' title='bbox 530 1133 593 1198; x_wconf 91' lang='lat' dir='ltr'><strong>His</strong></span> <span class='ocrx_word' id='word_1_67' title='bbox 620 1133 722 1217; x_wconf 90' lang='lat' dir='ltr'><strong>pulsis</strong></span> <span class='ocrx_word' id='word_1_68' title='bbox 742 1135 959 1199; x_wconf 90' lang='lat' dir='ltr'><strong>custodia</strong></span> <span class='ocrx_word' id='word_1_69' title='bbox 980 1139 1094 1219; x_wconf 90' lang='lat' dir='ltr'><strong>portus</strong></span> <span class='ocrx_word' id='word_1_70' title='bbox 1114 1151 1129 1198; x_wconf 83' lang='lat'>6</span> 
     </span>
     <span class='ocr_line' id='line_1_11' title="bbox 82 1229 1095 1316; baseline 0.002 -22"><span class='ocrx_word' id='word_1_71' title='bbox 82 1229 197 1295; x_wconf 87' lang='lat' dir='ltr'><strong>relicta</strong></span> <span class='ocrx_word' id='word_1_72' title='bbox 218 1254 315 1297; x_wconf 86' lang='lat' dir='ltr'><strong>naves</strong></span> <span class='ocrx_word' id='word_1_73' title='bbox 339 1233 379 1296; x_wconf 90' lang='lat' dir='ltr'><strong>ad</strong></span> <span class='ocrx_word' id='word_1_74' title='bbox 400 1231 499 1296; x_wconf 90' lang='lat' dir='ltr'><strong>litora</strong></span> <span class='ocrx_word' id='word_1_75' title='bbox 522 1235 555 1295; x_wconf 93' lang='lat' dir='ltr'><strong>et</strong></span> <span class='ocrx_word' id='word_1_76' title='bbox 576 1230 683 1295; x_wconf 80' lang='lat' dir='ltr'><strong>vicum</strong></span> <span class='ocrx_word' id='word_1_77' title='bbox 709 1230 911 1314; x_wconf 88' lang='lat' dir='ltr'><strong>adplicarunt</strong></span> <span class='ocrx_word' id='word_1_78' title='bbox 933 1253 1031 1316; x_wconf 92' lang='lat' dir='ltr'><strong>seque</strong></span> <span class='ocrx_word' id='word_1_79' title='bbox 1055 1254 1095 1298; x_wconf 84' lang='lat' dir='ltr'><strong>ex</strong></span> 
     </span>
     <span class='ocr_line' id='line_1_12' title="bbox 82 1327 785 1395; baseline 0 -3"><span class='ocrx_word' id='word_1_80' title='bbox 82 1328 220 1393; x_wconf 82' lang='lat' dir='ltr'><strong>navibus</strong></span> <span class='ocrx_word' id='word_1_81' title='bbox 243 1329 284 1393; x_wconf 91' lang='lat' dir='ltr'><strong>ad</strong></span> <span class='ocrx_word' id='word_1_82' title='bbox 306 1329 426 1395; x_wconf 91' lang='lat' dir='ltr'><strong>tuenda</strong></span> <span class='ocrx_word' id='word_1_83' title='bbox 448 1327 593 1392; x_wconf 87' lang='lat' dir='ltr'><strong>aedificia</strong></span> <span class='ocrx_word' id='word_1_84' title='bbox 616 1327 785 1392; x_wconf 90' lang='lat' dir='ltr'><strong>eiecerunt.</strong></span> 
     </span>
    </p>

    <p class='ocr_par' dir='ltr' id='par_1_3' title="bbox 82 1424 1128 2774">
     <span class='ocr_line' id='line_1_13' title="bbox 149 1424 1128 1510; baseline -0.002 -20"><span class='ocrx_word' id='word_1_85' title='bbox 149 1424 271 1491; x_wconf 91' lang='lat' dir='ltr'><strong>XVIII.</strong></span> <span class='ocrx_word' id='word_1_86' title='bbox 296 1425 410 1510; x_wconf 88' lang='lat' dir='ltr'><strong>Neque</strong></span> <span class='ocrx_word' id='word_1_87' title='bbox 433 1446 510 1490; x_wconf 82' lang='lat' dir='ltr'><strong>vero</strong></span> <span class='ocrx_word' id='word_1_88' title='bbox 534 1425 655 1489; x_wconf 92' lang='lat' dir='ltr'><strong>diutius</strong></span> <span class='ocrx_word' id='word_1_89' title='bbox 679 1447 716 1490; x_wconf 90' lang='lat' dir='ltr'><strong>ea</strong></span> <span class='ocrx_word' id='word_1_90' title='bbox 738 1426 918 1492; x_wconf 89' lang='lat' dir='ltr'><strong>munitione</strong></span> <span class='ocrx_word' id='word_1_91' title='bbox 940 1451 975 1493; x_wconf 89' lang='lat' dir='ltr'><strong>se</strong></span> <span class='ocrx_word' id='word_1_92' title='bbox 993 1428 1128 1492; x_wconf 89' lang='lat' dir='ltr'><strong>conti-1</strong></span> 
     </span>
     <span class='ocr_line' id='line_1_14' title="bbox 83 1519 1093 1607; baseline 0 -21"><span class='ocrx_word' id='word_1_93' title='bbox 83 1544 159 1588; x_wconf 88' lang='lat' dir='ltr'><strong>nere</strong></span> <span class='ocrx_word' id='word_1_94' title='bbox 181 1526 372 1607; x_wconf 88' lang='lat' dir='ltr'><strong>potuerunt,</strong></span> <span class='ocrx_word' id='word_1_95' title='bbox 394 1523 456 1588; x_wconf 90' lang='lat' dir='ltr'><strong>etsi</strong></span> <span class='ocrx_word' id='word_1_96' title='bbox 479 1525 548 1586; x_wconf 91' lang='lat' dir='ltr'><strong>erat</strong></span> <span class='ocrx_word' id='word_1_97' title='bbox 570 1542 636 1585; x_wconf 91' lang='lat' dir='ltr'><strong>non</strong></span> <span class='ocrx_word' id='word_1_98' title='bbox 659 1519 814 1587; x_wconf 88' lang='lat' dir='ltr'><strong>dissimile</strong></span> <span class='ocrx_word' id='word_1_99' title='bbox 838 1525 934 1606; x_wconf 90' lang='lat' dir='ltr'><strong>atque</strong></span> <span class='ocrx_word' id='word_1_100' title='bbox 956 1521 1093 1586; x_wconf 86' lang='lat' dir='ltr'><strong>Alexan·</strong></span> 
     </span>
     <span class='ocr_line' id='line_1_15' title="bbox 84 1618 1093 1706; baseline 0 -22"><span class='ocrx_word' id='word_1_101' title='bbox 84 1620 171 1685; x_wconf 89' lang='lat' dir='ltr'><strong>driae</strong></span> <span class='ocrx_word' id='word_1_102' title='bbox 194 1641 295 1706; x_wconf 85' lang='lat' dir='ltr'><strong>genus</strong></span> <span class='ocrx_word' id='word_1_103' title='bbox 318 1621 549 1704; x_wconf 88' lang='lat' dir='ltr'><strong>aedificiorum,</strong></span> <span class='ocrx_word' id='word_1_104' title='bbox 579 1622 617 1682; x_wconf 91' lang='lat' dir='ltr'><strong>ut</strong></span> <span class='ocrx_word' id='word_1_105' title='bbox 639 1618 765 1682; x_wconf 86' lang='lat' dir='ltr'><strong>minora</strong></span> <span class='ocrx_word' id='word_1_106' title='bbox 789 1619 966 1684; x_wconf 90' lang='lat' dir='ltr'><strong>maioribus</strong></span> <span class='ocrx_word' id='word_1_107' title='bbox 990 1619 1093 1684; x_wconf 89' lang='lat' dir='ltr'><strong>confe-</strong></span> 
     </span>
     <span class='ocr_line' id='line_1_16' title="bbox 82 1715 1094 1802; baseline 0 -22"><span class='ocrx_word' id='word_1_108' title='bbox 82 1721 211 1802; x_wconf 87' lang='lat' dir='ltr'><strong>rantur,</strong></span> <span class='ocrx_word' id='word_1_109' title='bbox 246 1721 415 1802; x_wconf 89' lang='lat' dir='ltr'><strong>turresque</strong></span> <span class='ocrx_word' id='word_1_110' title='bbox 447 1717 551 1782; x_wconf 89' lang='lat' dir='ltr'><strong>editae</strong></span> <span class='ocrx_word' id='word_1_111' title='bbox 584 1720 616 1781; x_wconf 90' lang='lat' dir='ltr'><strong>et</strong></span> <span class='ocrx_word' id='word_1_112' title='bbox 648 1715 838 1781; x_wconf 85' lang='lat' dir='ltr'><strong>coniunctae</strong></span> <span class='ocrx_word' id='word_1_113' title='bbox 868 1717 954 1781; x_wconf 91' lang='lat' dir='ltr'><strong>muri</strong></span> <span class='ocrx_word' id='word_1_114' title='bbox 986 1717 1094 1781; x_wconf 92' lang='lat' dir='ltr'><strong>locum</strong></span> 
     </span>
     <span class='ocr_line' id='line_1_17' title="bbox 84 1813 1094 1898; baseline 0.001 -21"><span class='ocrx_word' id='word_1_115' title='bbox 84 1814 285 1898; x_wconf 89' lang='lat' dir='ltr'><strong>obtinebant,</strong></span> <span class='ocrx_word' id='word_1_116' title='bbox 314 1835 418 1898; x_wconf 89' lang='lat' dir='ltr'><strong>neque</strong></span> <span class='ocrx_word' id='word_1_117' title='bbox 445 1814 550 1878; x_wconf 92' lang='lat' dir='ltr'><strong>nostri</strong></span> <span class='ocrx_word' id='word_1_118' title='bbox 577 1816 633 1877; x_wconf 90' lang='lat' dir='ltr'><strong>aut</strong></span> <span class='ocrx_word' id='word_1_119' title='bbox 660 1813 755 1878; x_wconf 85' lang='lat' dir='ltr'><strong>scalis</strong></span> <span class='ocrx_word' id='word_1_120' title='bbox 784 1818 840 1878; x_wconf 93' lang='lat' dir='ltr'><strong>aut</strong></span> <span class='ocrx_word' id='word_1_121' title='bbox 867 1814 1008 1878; x_wconf 89' lang='lat' dir='ltr'><strong>cratibus</strong></span> <span class='ocrx_word' id='word_1_122' title='bbox 1038 1818 1094 1878; x_wconf 92' lang='lat' dir='ltr'><strong>aut</strong></span> 
     </span>
     <span class='ocr_line' id='line_1_18' title="bbox 83 1909 1128 1996; baseline 0 -22"><span class='ocrx_word' id='word_1_123' title='bbox 83 1911 217 1994; x_wconf 89' lang='lat' dir='ltr'><strong>reliquis</strong></span> <span class='ocrx_word' id='word_1_124' title='bbox 239 1911 336 1975; x_wconf 88' lang='lat' dir='ltr'><strong>rebus</strong></span> <span class='ocrx_word' id='word_1_125' title='bbox 348 1912 463 1995; x_wconf 87' lang='lat' dir='ltr'><strong>parati</strong></span> <span class='ocrx_word' id='word_1_126' title='bbox 484 1913 639 1975; x_wconf 81' lang='lat' dir='ltr'><strong>venerant</strong></span> <span class='ocrx_word' id='word_1_127' title='bbox 661 1910 702 1974; x_wconf 91' lang='lat' dir='ltr'><strong>ad</strong></span> <span class='ocrx_word' id='word_1_128' title='bbox 725 1911 984 1996; x_wconf 89' lang='lat' dir='ltr'><strong>oppugnandum.</strong></span> <span class='ocrx_word' id='word_1_129' title='bbox 1031 1909 1094 1975; x_wconf 85' lang='lat' dir='ltr'><strong>Sed</strong></span> <span class='ocrx_word' id='word_1_130' title='bbox 1112 1927 1128 1974; x_wconf 81' lang='lat'>2</span> 
     </span>
     <span class='ocr_line' id='line_1_19' title="bbox 84 2006 1093 2093; baseline 0.004 -24"><span class='ocrx_word' id='word_1_131' title='bbox 84 2011 189 2070; x_wconf 89' lang='lat' dir='ltr'><strong>terror</strong></span> <span class='ocrx_word' id='word_1_132' title='bbox 205 2006 391 2072; x_wconf 90' lang='lat' dir='ltr'><strong>hominibus</strong></span> <span class='ocrx_word' id='word_1_133' title='bbox 409 2011 551 2071; x_wconf 90' lang='lat' dir='ltr'><strong>mentem</strong></span> <span class='ocrx_word' id='word_1_134' title='bbox 575 2007 808 2092; x_wconf 88' lang='lat' dir='ltr'><strong>consiliumque</strong></span> <span class='ocrx_word' id='word_1_135' title='bbox 831 2008 928 2093; x_wconf 89' lang='lat' dir='ltr'><strong>eripit</strong></span> <span class='ocrx_word' id='word_1_136' title='bbox 946 2013 978 2073; x_wconf 90' lang='lat' dir='ltr'><strong>et</strong></span> <span class='ocrx_word' id='word_1_137' title='bbox 996 2031 1093 2073; x_wconf 91' lang='lat' dir='ltr'><strong>mem·</strong></span> 
     </span>
     <span class='ocr_line' id='line_1_20' title="bbox 84 2102 1127 2190; baseline 0.001 -23"><span class='ocrx_word' id='word_1_138' title='bbox 84 2104 144 2167; x_wconf 92' lang='lat' dir='ltr'><strong>bra</strong></span> <span class='ocrx_word' id='word_1_139' title='bbox 170 2102 332 2187; x_wconf 80' lang='lat' dir='ltr'><strong>debilitat3</strong></span> <span class='ocrx_word' id='word_1_140' title='bbox 360 2107 398 2167; x_wconf 92' lang='lat' dir='ltr'><strong>ut</strong></span> <span class='ocrx_word' id='word_1_141' title='bbox 424 2107 496 2167; x_wconf 89' lang='lat' dir='ltr'><strong>tum</strong></span> <span class='ocrx_word' id='word_1_142' title='bbox 523 2103 647 2168; x_wconf 88' lang='lat' dir='ltr'><strong>accidit.</strong></span> <span class='ocrx_word' id='word_1_143' title='bbox 693 2103 756 2181; x_wconf 86' lang='lat' dir='ltr'><strong>Qui</strong></span> <span class='ocrx_word' id='word_1_144' title='bbox 783 2127 817 2170; x_wconf 91' lang='lat' dir='ltr'><strong>se</strong></span> <span class='ocrx_word' id='word_1_145' title='bbox 839 2107 874 2170; x_wconf 93' lang='lat' dir='ltr'><strong>in</strong></span> <span class='ocrx_word' id='word_1_146' title='bbox 897 2127 998 2190; x_wconf 90' lang='lat' dir='ltr'><strong>aequo</strong></span> <span class='ocrx_word' id='word_1_147' title='bbox 1021 2106 1127 2171; x_wconf 74' lang='lat' dir='ltr'><strong>locos</strong></span> 
     </span>
     <span class='ocr_line' id='line_1_21' title="bbox 85 2198 1094 2287; baseline 0.001 -24"><span class='ocrx_word' id='word_1_148' title='bbox 85 2221 123 2264; x_wconf 90' lang='lat' dir='ltr'><strong>ac</strong></span> <span class='ocrx_word' id='word_1_149' title='bbox 143 2199 240 2283; x_wconf 87' lang='lat' dir='ltr'><strong>plano</strong></span> <span class='ocrx_word' id='word_1_150' title='bbox 267 2221 361 2283; x_wconf 90' lang='lat' dir='ltr'><strong>pares</strong></span> <span class='ocrx_word' id='word_1_151' title='bbox 384 2222 453 2264; x_wconf 89' lang='lat' dir='ltr'><strong>esse</strong></span> <span class='ocrx_word' id='word_1_152' title='bbox 477 2198 692 2284; x_wconf 89' lang='lat' dir='ltr'><strong>confidebant,</strong></span> <span class='ocrx_word' id='word_1_153' title='bbox 721 2201 807 2265; x_wconf 91' lang='lat' dir='ltr'><strong>idem</strong></span> <span class='ocrx_word' id='word_1_154' title='bbox 829 2202 993 2284; x_wconf 87' lang='lat' dir='ltr'><strong>perterriti</strong></span> <span class='ocrx_word' id='word_1_155' title='bbox 1015 2201 1094 2287; x_wconf 86' lang='lat' dir='ltr'><strong>fuga</strong></span> 
     </span>
     <span class='ocr_line' id='line_1_22' title="bbox 85 2296 1093 2381; baseline 0 -18"><span class='ocrx_word' id='word_1_156' title='bbox 85 2319 218 2363; x_wconf 91' lang='lat' dir='ltr'><strong>suorum</strong></span> <span class='ocrx_word' id='word_1_157' title='bbox 245 2300 279 2361; x_wconf 88' lang='lat' dir='ltr'><strong>et</strong></span> <span class='ocrx_word' id='word_1_158' title='bbox 307 2297 401 2362; x_wconf 89' lang='lat' dir='ltr'><strong>caede</strong></span> <span class='ocrx_word' id='word_1_159' title='bbox 427 2318 603 2381; x_wconf 89' lang='lat' dir='ltr'><strong>paucorum</strong></span> <span class='ocrx_word' id='word_1_160' title='bbox 625 2313 699 2360; x_wconf 80' lang='lat' dir='ltr'><strong>xxx</strong></span> <span class='ocrx_word' id='word_1_161' title='bbox 725 2296 843 2381; x_wconf 89' lang='lat' dir='ltr'><strong>pedum</strong></span> <span class='ocrx_word' id='word_1_162' title='bbox 867 2297 1093 2363; x_wconf 82' lang='lat' dir='ltr'><strong>altitudinem</strong></span> 
     </span>
     <span class='ocr_line' id='line_1_23' title="bbox 85 2393 1093 2477; baseline -0.001 -18"><span class='ocrx_word' id='word_1_163' title='bbox 85 2393 239 2460; x_wconf 85' lang='lat' dir='ltr'><strong>aedificiis</strong></span> <span class='ocrx_word' id='word_1_164' title='bbox 258 2393 433 2459; x_wconf 85' lang='lat' dir='ltr'><strong>consistere</strong></span> <span class='ocrx_word' id='word_1_165' title='bbox 451 2393 523 2459; x_wconf 91' lang='lat' dir='ltr'><strong>ausi</strong></span> <span class='ocrx_word' id='word_1_166' title='bbox 540 2414 606 2457; x_wconf 91' lang='lat' dir='ltr'><strong>non</strong></span> <span class='ocrx_word' id='word_1_167' title='bbox 629 2397 705 2458; x_wconf 91' lang='lat' dir='ltr'><strong>sunt</strong></span> <span class='ocrx_word' id='word_1_168' title='bbox 727 2415 825 2477; x_wconf 90' lang='lat' dir='ltr'><strong>seque</strong></span> <span class='ocrx_word' id='word_1_169' title='bbox 846 2415 905 2477; x_wconf 94' lang='lat' dir='ltr'><strong>per</strong></span> <span class='ocrx_word' id='word_1_170' title='bbox 922 2393 1040 2458; x_wconf 92' lang='lat' dir='ltr'><strong>molem</strong></span> <span class='ocrx_word' id='word_1_171' title='bbox 1058 2395 1093 2458; x_wconf 89' lang='lat' dir='ltr'><strong>in</strong></span> 
     </span>
     <span class='ocr_line' id='line_1_24' title="bbox 84 2491 1092 2578; baseline -0.004 -20"><span class='ocrx_word' id='word_1_172' title='bbox 84 2517 172 2559; x_wconf 88' lang='lat' dir='ltr'><strong>mare</strong></span> <span class='ocrx_word' id='word_1_173' title='bbox 198 2493 491 2578; x_wconf 84' lang='lat' dir='ltr'><strong>praecipitaverunt</strong></span> <span class='ocrx_word' id='word_1_174' title='bbox 518 2494 551 2556; x_wconf 90' lang='lat' dir='ltr'><strong>et</strong></span> <span class='ocrx_word' id='word_1_175' title='bbox 572 2506 684 2556; x_wconf 79' lang='lat' dir='ltr'><strong>nocco</strong></span> <span class='ocrx_word' id='word_1_176' title='bbox 711 2512 865 2574; x_wconf 90' lang='lat' dir='ltr'><strong>passuum</strong></span> <span class='ocrx_word' id='word_1_177' title='bbox 888 2491 1092 2555; x_wconf 85' lang='lat' dir='ltr'><strong>intervallum</strong></span> 
     </span>
     <span class='ocr_line' id='line_1_25' title="bbox 86 2587 1127 2677; baseline -0.006 -19"><span class='ocrx_word' id='word_1_178' title='bbox 86 2594 126 2658; x_wconf 89' lang='lat' dir='ltr'><strong>ad</strong></span> <span class='ocrx_word' id='word_1_179' title='bbox 153 2592 306 2677; x_wconf 90' lang='lat' dir='ltr'><strong>oppidum</strong></span> <span class='ocrx_word' id='word_1_180' title='bbox 334 2593 552 2656; x_wconf 81' lang='lat' dir='ltr'><strong>enataverunt.</strong></span> <span class='ocrx_word' id='word_1_181' title='bbox 596 2587 694 2653; x_wconf 88' lang='lat' dir='ltr'><strong>Multi</strong></span> <span class='ocrx_word' id='word_1_182' title='bbox 720 2592 829 2654; x_wconf 90' lang='lat' dir='ltr'><strong>tamen</strong></span> <span class='ocrx_word' id='word_1_183' title='bbox 857 2611 897 2654; x_wconf 87' lang='lat' dir='ltr'><strong>ex</strong></span> <span class='ocrx_word' id='word_1_184' title='bbox 925 2589 977 2654; x_wconf 91' lang='lat' dir='ltr'><strong>his</strong></span> <span class='ocrx_word' id='word_1_185' title='bbox 1007 2591 1127 2673; x_wconf 89' lang='lat' dir='ltr'><strong>capti4</strong></span> 
     </span>
     <span class='ocr_line' id='line_1_26' title="bbox 85 2687 1091 2774; baseline -0.003 -19"><span class='ocrx_word' id='word_1_186' title='bbox 85 2689 308 2774; x_wconf 69' lang='lat' dir='ltr'><strong>interfectique</strong></span> <span class='ocrx_word' id='word_1_187' title='bbox 340 2691 429 2772; x_wconf 82' lang='lat' dir='ltr'><strong>sunt3</strong></span> <span class='ocrx_word' id='word_1_188' title='bbox 461 2687 517 2751; x_wconf 93' lang='lat' dir='ltr'><strong>sed</strong></span> <span class='ocrx_word' id='word_1_189' title='bbox 548 2708 700 2751; x_wconf 90' lang='lat' dir='ltr'><strong>numerus</strong></span> <span class='ocrx_word' id='word_1_190' title='bbox 730 2687 931 2770; x_wconf 81' lang='lat' dir='ltr'><strong>captivorum</strong></span> <span class='ocrx_word' id='word_1_191' title='bbox 961 2687 1091 2752; x_wconf 90' lang='lat' dir='ltr'><strong>omnino</strong></span> 
     </span>
    </p>
   </div>
   <div class='ocr_carea' id='block_1_3' title="bbox 83 2785 1127 3647">
    <p class='ocr_par' dir='ltr' id='par_1_4' title="bbox 84 2785 383 2852">
     <span class='ocr_line' id='line_1_27' title="bbox 84 2785 383 2852; baseline -0.007 0"><span class='ocrx_word' id='word_1_192' title='bbox 84 2787 148 2852; x_wconf 84' lang='lat' dir='ltr'><strong>fuit</strong></span> <span class='ocrx_word' id='word_1_193' title='bbox 169 2807 226 2852; x_wconf 87' lang='lat' dir='ltr'><strong>sex</strong></span> <span class='ocrx_word' id='word_1_194' title='bbox 247 2785 383 2850; x_wconf 89' lang='lat' dir='ltr'><strong>milium.</strong></span> 
     </span>
    </p>

    <p class='ocr_par' dir='ltr' id='par_1_5' title="bbox 83 2880 1127 3647">
     <span class='ocr_line' id='line_1_28' title="bbox 149 2880 1125 2964; baseline -0.001 -16"><span class='ocrx_word' id='word_1_195' title='bbox 149 2880 287 2948; x_wconf 88' lang='lat' dir='ltr'><strong>XVIIII.</strong></span> <span class='ocrx_word' id='word_1_196' title='bbox 324 2881 440 2947; x_wconf 78' lang='lat' dir='ltr'><strong>Caesar</strong></span> <span class='ocrx_word' id='word_1_197' title='bbox 461 2881 579 2964; x_wconf 89' lang='lat' dir='ltr'><strong>praeda</strong></span> <span class='ocrx_word' id='word_1_198' title='bbox 596 2880 755 2945; x_wconf 90' lang='lat' dir='ltr'><strong>militibus</strong></span> <span class='ocrx_word' id='word_1_199' title='bbox 774 2903 925 2946; x_wconf 89' lang='lat' dir='ltr'><strong>concessa</strong></span> <span class='ocrx_word' id='word_1_200' title='bbox 947 2881 1091 2947; x_wconf 90' lang='lat' dir='ltr'><strong>aedificia</strong></span> <span class='ocrx_word' id='word_1_201' title='bbox 1111 2900 1125 2947; x_wconf 88' lang='lat'>1</span> 
     </span>
     <span class='ocr_line' id='line_1_29' title="bbox 86 2977 1092 3064; baseline 0 -20"><span class='ocrx_word' id='word_1_202' title='bbox 86 2979 181 3064; x_wconf 87' lang='lat' dir='ltr'><strong>diripi</strong></span> <span class='ocrx_word' id='word_1_203' title='bbox 203 2980 300 3045; x_wconf 87' lang='lat' dir='ltr'><strong>iussit</strong></span> <span class='ocrx_word' id='word_1_204' title='bbox 317 2978 547 3062; x_wconf 84' lang='lat' dir='ltr'><strong>castellumque</strong></span> <span class='ocrx_word' id='word_1_205' title='bbox 569 2977 609 3041; x_wconf 90' lang='lat' dir='ltr'><strong>ad</strong></span> <span class='ocrx_word' id='word_1_206' title='bbox 631 2982 772 3063; x_wconf 88' lang='lat' dir='ltr'><strong>pontem,</strong></span> <span class='ocrx_word' id='word_1_207' title='bbox 795 2980 852 3063; x_wconf 92' lang='lat' dir='ltr'><strong>qui</strong></span> <span class='ocrx_word' id='word_1_208' title='bbox 873 2979 1006 3063; x_wconf 90' lang='lat' dir='ltr'><strong>propior</strong></span> <span class='ocrx_word' id='word_1_209' title='bbox 1024 2984 1092 3044; x_wconf 91' lang='lat' dir='ltr'><strong>erat</strong></span> 
     </span>
     <span class='ocr_line' id='line_1_30' title="bbox 85 3074 1126 3160; baseline 0.001 -19"><span class='ocrx_word' id='word_1_210' title='bbox 85 3076 201 3160; x_wconf 89' lang='lat' dir='ltr'><strong>Pharo,</strong></span> <span class='ocrx_word' id='word_1_211' title='bbox 223 3077 434 3141; x_wconf 79' lang='lat' dir='ltr'><strong>communivit</strong></span> <span class='ocrx_word' id='word_1_212' title='bbox 452 3079 548 3160; x_wconf 91' lang='lat' dir='ltr'><strong>atque</strong></span> <span class='ocrx_word' id='word_1_213' title='bbox 566 3076 613 3140; x_wconf 92' lang='lat' dir='ltr'><strong>ibi</strong></span> <span class='ocrx_word' id='word_1_214' title='bbox 631 3076 828 3159; x_wconf 85' lang='lat' dir='ltr'><strong>praesidium</strong></span> <span class='ocrx_word' id='word_1_215' title='bbox 845 3076 964 3160; x_wconf 86' lang='lat' dir='ltr'><strong>posuit.</strong></span> <span class='ocrx_word' id='word_1_216' title='bbox 995 3074 1091 3141; x_wconf 89' lang='lat' dir='ltr'><strong>Hunc</strong></span> <span class='ocrx_word' id='word_1_217' title='bbox 1110 3094 1126 3142; x_wconf 78' lang='lat'>2</span> 
     </span>
     <span class='ocr_line' id='line_1_31' title="bbox 84 3170 1091 3258; baseline -0.001 -20"><span class='ocrx_word' id='word_1_218' title='bbox 84 3173 163 3257; x_wconf 85' lang='lat' dir='ltr'><strong>fuga</strong></span> <span class='ocrx_word' id='word_1_219' title='bbox 184 3170 334 3237; x_wconf 86' lang='lat' dir='ltr'><strong>Pharitae</strong></span> <span class='ocrx_word' id='word_1_220' title='bbox 356 3171 566 3258; x_wconf 79' lang='lat' dir='ltr'><strong>reliquerant3</strong></span> <span class='ocrx_word' id='word_1_221' title='bbox 591 3172 759 3237; x_wconf 86' lang='lat' dir='ltr'><strong>fortiorem</strong></span> <span class='ocrx_word' id='word_1_222' title='bbox 781 3173 874 3238; x_wconf 90' lang='lat' dir='ltr'><strong>illum</strong></span> <span class='ocrx_word' id='word_1_223' title='bbox 896 3173 1091 3258; x_wconf 62' lang='lat' dir='ltr'><strong>propioremss</strong></span> 
     </span>
     <span class='ocr_line' id='line_1_32' title="bbox 86 3268 1091 3354; baseline 0 -20"><span class='ocrx_word' id='word_1_224' title='bbox 86 3291 148 3354; x_wconf 90' lang='lat' dir='ltr'><strong>que</strong></span> <span class='ocrx_word' id='word_1_225' title='bbox 171 3268 288 3352; x_wconf 90' lang='lat' dir='ltr'><strong>oppido</strong></span> <span class='ocrx_word' id='word_1_226' title='bbox 311 3268 522 3334; x_wconf 83' lang='lat' dir='ltr'><strong>Alexandrini</strong></span> <span class='ocrx_word' id='word_1_227' title='bbox 550 3270 731 3335; x_wconf 86' lang='lat' dir='ltr'><strong>tuebantur.</strong></span> <span class='ocrx_word' id='word_1_228' title='bbox 778 3268 841 3335; x_wconf 82' lang='lat' dir='ltr'><strong>Sed</strong></span> <span class='ocrx_word' id='word_1_229' title='bbox 864 3292 937 3335; x_wconf 92' lang='lat' dir='ltr'><strong>eum</strong></span> <span class='ocrx_word' id='word_1_230' title='bbox 960 3274 1091 3354; x_wconf 90' lang='lat' dir='ltr'><strong>postero</strong></span> 
     </span>
     <span class='ocr_line' id='line_1_33' title="bbox 86 3363 1092 3451; baseline 0.002 -21"><span class='ocrx_word' id='word_1_231' title='bbox 86 3366 136 3430; x_wconf 92' lang='lat' dir='ltr'><strong>die</strong></span> <span class='ocrx_word' id='word_1_232' title='bbox 155 3363 254 3428; x_wconf 89' lang='lat' dir='ltr'><strong>simili</strong></span> <span class='ocrx_word' id='word_1_233' title='bbox 271 3365 394 3432; x_wconf 88' lang='lat' dir='ltr'><strong>ratione</strong></span> <span class='ocrx_word' id='word_1_234' title='bbox 413 3366 608 3451; x_wconf 84' lang='lat' dir='ltr'><strong>adgreditur,</strong></span> <span class='ocrx_word' id='word_1_235' title='bbox 632 3366 719 3451; x_wconf 91' lang='lat' dir='ltr'><strong>quod</strong></span> <span class='ocrx_word' id='word_1_236' title='bbox 735 3366 788 3432; x_wconf 91' lang='lat' dir='ltr'><strong>his</strong></span> <span class='ocrx_word' id='word_1_237' title='bbox 806 3367 948 3432; x_wconf 88' lang='lat' dir='ltr'><strong>obtentis</strong></span> <span class='ocrx_word' id='word_1_238' title='bbox 968 3367 1092 3432; x_wconf 91' lang='lat' dir='ltr'><strong>duobus</strong></span> 
     </span>
     <span class='ocr_line' id='line_1_34' title="bbox 84 3462 1093 3548; baseline 0.002 -22"><span class='ocrx_word' id='word_1_239' title='bbox 84 3483 213 3526; x_wconf 89' lang='lat' dir='ltr'><strong>omnem</strong></span> <span class='ocrx_word' id='word_1_240' title='bbox 242 3462 444 3547; x_wconf 85' lang='lat' dir='ltr'><strong>navigiorum</strong></span> <span class='ocrx_word' id='word_1_241' title='bbox 474 3485 644 3529; x_wconf 83' lang='lat' dir='ltr'><strong>excursum</strong></span> <span class='ocrx_word' id='word_1_242' title='bbox 671 3467 704 3528; x_wconf 92' lang='lat' dir='ltr'><strong>et</strong></span> <span class='ocrx_word' id='word_1_243' title='bbox 731 3466 898 3548; x_wconf 89' lang='lat' dir='ltr'><strong>repentina</strong></span> <span class='ocrx_word' id='word_1_244' title='bbox 923 3463 1093 3528; x_wconf 81' lang='lat' dir='ltr'><strong>latrocinia</strong></span> 
     </span>
     <span class='ocr_line' id='line_1_35' title="bbox 83 3557 1127 3647; baseline 0 -23"><span class='ocrx_word' id='word_1_245' title='bbox 83 3557 247 3624; x_wconf 81' lang='lat' dir='ltr'><strong>sublatum</strong></span> <span class='ocrx_word' id='word_1_246' title='bbox 269 3558 311 3622; x_wconf 89' lang='lat' dir='ltr'><strong>iri</strong></span> <span class='ocrx_word' id='word_1_247' title='bbox 330 3559 468 3626; x_wconf 86' lang='lat' dir='ltr'><strong>videbat.</strong></span> <span class='ocrx_word' id='word_1_248' title='bbox 513 3559 646 3646; x_wconf 87' lang='lat' dir='ltr'><strong>Iamque</strong></span> <span class='ocrx_word' id='word_1_249' title='bbox 669 3582 733 3646; x_wconf 88' lang='lat' dir='ltr'><strong>cos,</strong></span> <span class='ocrx_word' id='word_1_250' title='bbox 757 3563 813 3646; x_wconf 93' lang='lat' dir='ltr'><strong>qui</strong></span> <span class='ocrx_word' id='word_1_251' title='bbox 834 3561 995 3647; x_wconf 83' lang='lat' dir='ltr'><strong>praesidio</strong></span> <span class='ocrx_word' id='word_1_252' title='bbox 1019 3582 1092 3625; x_wconf 93' lang='lat' dir='ltr'><strong>eum</strong></span> <span class='ocrx_word' id='word_1_253' title='bbox 1111 3577 1127 3624; x_wconf 85' lang='lat' dir='ltr'><strong>s</strong></span> 
     </span>
    </p>
   </div>
   <div class='ocr_carea' id='block_1_4' title="bbox 0 0 1212 3968">
    <p class='ocr_par' dir='ltr' id='par_1_6' title="bbox 0 0 1212 3968">
     <span class='ocr_line' id='line_1_36' title="bbox 0 0 1212 3968; baseline 0 0"><span class='ocrx_word' id='word_1_254' title='bbox 0 0 1212 3968; x_wconf 95' lang='lat' dir='ltr'><strong> </strong></span> 
     </span>
    </p>
   </div>
  </div>
 </body>
</html>
