2414 3968
429 185 506 242 CAP.
525 184 750 240 XVHH-XXII.
1036 181 1100 254 119

82 339 228 419 tempore
257 333 384 399 circiter
405 351 443 396 XI
471 331 596 416 equites
623 329 664 394 ad
692 332 862 414 aquatores
891 331 1027 392 nostros
1049 348 1100 390 ex·

83 436 310 515 cucurrerunt,
338 429 511 495 nonnullos
534 429 777 513 interfecerunt,
804 429 883 493 item
907 426 987 492 alios
1009 426 1100 490 vivos

84 531 301 614 abduxerunt3
332 552 349 593 e
377 528 494 612 quibus
522 527 608 610 capti
636 531 712 591 sunt
740 527 865 610 equites
894 542 965 589 vm.
1015 521 1135 588 Insa-3

84 629 197 713 quenti
222 628 273 692 die
291 625 465 710 Pompeius
488 625 593 689 securi
615 625 775 709 percussit
797 623 944 689 homines
968 640 1103 706 cmm,

84 726 145 811 qui
176 725 364 790 dicebantur
392 745 461 788 esse
487 722 630 787 fautores
659 721 804 788 Caesaris
831 720 1000 804 victoriae,
1030 719 1101 784 reli·

85 846 168 908 quos
192 845 304 888 rursus
327 822 361 886 in
384 820 538 906 oppidum
562 819 658 883 iussit
680 820 806 904 deduci3
830 840 869 883 ex
888 818 1006 902 quibus
1025 818 1101 882 cffu-

86 925 207 1007 gerunt
230 937 301 984 cxx
324 924 356 984 et
379 919 419 983 ad
443 917 610 983 Gaesarem
633 922 798 982 venerunt.

151 1015 254 1082 XXII.
304 1014 376 1081 Hoc
412 1014 587 1099 praeterito
623 1019 782 1100 tempore,
819 1015 876 1099 qui
913 1015 947 1079 in
982 1013 1134 1098 oppidol

85 1115 217 1200 Ategua
244 1113 465 1180 Ursaonenses
498 1113 584 1197 capti
614 1118 704 1197 sunt,
734 1113 835 1199 legati
861 1112 999 1197 profecti
1027 1114 1103 1175 sunt

87 1237 162 1280 cum
185 1212 319 1296 nostris,
342 1211 391 1275 uti
414 1233 482 1275 rem
506 1214 631 1295 gestam
653 1209 914 1276 Ursaonensibus
938 1209 1103 1292 referrent,

84 1311 165 1397 quid
188 1313 355 1396 sperarent
378 1310 417 1374 de
436 1308 492 1373 On.
511 1308 675 1393 Pompeio,
698 1330 771 1372 cum
790 1309 936 1374 riderent
957 1307 1103 1391 hospites

83 1409 240 1495 iugulari3
262 1413 427 1493 praeterea
449 1407 553 1473 multa
575 1405 696 1470 scelera
716 1406 757 1470 ab
776 1407 817 1471 iis
836 1407 916 1491 fieri,
940 1405 995 1489 qui
1014 1425 1101 1488 prae·

85 1508 162 1580 sidii
186 1529 282 1572 causa
305 1506 345 1570 ab
368 1506 409 1571 iis
434 1505 661 1589 reciperentur.
707 1501 771 1579 Qui
792 1525 868 1581 cum·
885 1505 925 1568 ad
948 1502 1102 1587 oppidum
1122 1514 1137 1561 a

81 1605 257 1683 venissent,
280 1604 393 1689 nostri,
417 1604 472 1689 qui
495 1603 634 1667 fuissent
657 1601 782 1685 equites
800 1601 940 1666 Romani
964 1605 996 1665 ct
1015 1620 1102 1663 sena-

83 1708 182 1787 tores,
205 1724 270 1766 non
294 1706 371 1766 sunt
393 1702 464 1766 ausi
487 1699 622 1765 introire
640 1700 674 1762 in
693 1699 858 1785 oppidum,
877 1702 1103 1783 praeterquam

83 1799 142 1885 qui
176 1798 245 1861 cius
278 1797 418 1862 civitatis
450 1797 596 1862 fuissent.
647 1796 792 1874 Quorum
824 1797 988 1881 responsis
1015 1795 1138 1860 ultr03

84 1897 232 1978 citroque
260 1895 399 1978 acceptis
427 1899 459 1959 et
485 1896 620 1960 redditis
648 1917 722 1960 oum
750 1896 790 1960 ad
815 1900 945 1961 nostros
969 1918 1003 1961 se
1025 1894 1102 1959 reci-

83 1995 209 2080 perent,
232 1991 288 2074 qui
311 1996 403 2055 extra
425 1992 579 2076 oppidum
602 1993 748 2079 fuissent,
770 1993 821 2058 illi
842 1993 1002 2078 praesidio
1022 1992 1103 2057 inse·

85 2089 155 2156 cuti
183 2111 222 2152 ex
247 2086 393 2153 Ursaonc
420 2089 546 2174 legatos
574 2090 770 2176 iugularunt.
816 2092 890 2156 Duo
918 2090 1036 2174 reliqui
1064 2112 1104 2153 ex

85 2188 133 2254 eis
152 2186 308 2270 fugerunt
326 2191 359 2251 et
377 2185 506 2251 Caesari
524 2209 592 2251 rem
611 2191 734 2273 gestam
753 2189 939 2253 detulerunt
956 2237 1096 2251 .......

85 2289 120 2351 et
148 2283 365 2368 speculatores
394 2286 434 2349 ad
461 2284 616 2368 oppidum
638 2282 800 2370 Ateguam
828 2286 995 2350 miserunt.
1041 2282 1139 2359 Quir

85 2405 160 2450 cum
185 2385 308 2446 certum
331 2384 571 2467 comperissent,
593 2382 774 2467 legatorum
795 2406 952 2468 responsa
969 2384 1015 2448 ita
1033 2404 1103 2447 esse

86 2483 188 2566 gesta,
207 2479 476 2563 quemadmodum
494 2479 543 2544 illi
562 2479 772 2566 rettulissent,
790 2482 830 2545 ab
846 2480 1016 2565 oppidanis
1031 2502 1103 2545 con-

86 2598 184 2661 cursu
206 2576 293 2641 facto
317 2599 400 2662 eum,
423 2578 478 2662 qui
500 2576 626 2663 legatos
649 2577 837 2664 iugulasset,
861 2578 1004 2662 lapidare
1023 2582 1055 2642 et
1073 2578 1103 2642 ci

87 2698 204 2740 manus
223 2676 383 2741 intentare
402 2679 588 2760 coeperunt:
611 2675 700 2740 illius
719 2697 815 2761 opera
834 2698 868 2740 se
886 2676 1017 2760 perisse.
1054 2672 1139 2738 Itas

85 2773 143 2838 vix
165 2773 308 2858 periculo
331 2773 487 2838 liberatus
509 2773 605 2856 petiit
627 2773 667 2837 ab
687 2773 865 2859 oppidanis,
888 2778 925 2838 ut
943 2774 973 2838 ei
990 2773 1104 2838 liceret

85 2870 231 2955 legatum
260 2871 300 2935 ad
323 2870 490 2937 Gaesarem
517 2871 691 2955 proficisci:
723 2871 772 2936 illi
796 2895 830 2936 se
853 2871 1103 2938 satisfacturum.

87 2967 254 3033 Potestate
274 2969 348 3033 data
366 2991 439 3034 oum
459 2969 532 3033 inde
551 2973 636 3034 esset
653 2969 827 3055 profectus,
845 2969 1005 3054 praesidio
1020 2992 1103 3034 com·
1123 2986 1138 3034 6

88 3068 213 3151 parato,
236 3087 309 3128 cum
329 3065 410 3130 bene
428 3087 579 3150 magnam
598 3088 729 3131 manum
747 3068 878 3132 fecisset
896 3072 929 3132 et
947 3071 1104 3132 nocturno

89 3167 236 3245 tempore
254 3185 312 3246 per
330 3163 491 3229 fallaciam
510 3165 545 3228 in
564 3164 718 3248 oppidum
737 3169 821 3230 esset
839 3169 996 3250 receptus,
1014 3166 1104 3250 iugu-

90 3259 248 3325 lationem
275 3283 426 3347 magnam
453 3262 533 3327 facit
559 3262 835 3348 principibusque,
863 3264 919 3346 qui
946 3263 1008 3328 sibi
1033 3285 1104 3328 con-

89 3357 185 3424 trarii
204 3357 353 3444 fuissent,
375 3360 554 3424 interfectis
574 3360 728 3444 oppidum
746 3361 780 3424 in
799 3383 889 3425 suam
912 3364 1105 3446 potestatem

88 3456 216 3540 recipit.
256 3454 329 3520 Hoc
351 3458 525 3541 praeterito
548 3462 693 3543 tempore
716 3459 801 3523 servi
823 3459 1008 3544 transfugae
1027 3475 1140 3523 nun-7

88 3554 254 3620 tiaverunt
277 3554 509 3638 oppidanorum
528 3556 613 3629 bona
634 3555 743 3621 venire
762 3578 865 3640 neque
879 3562 971 3622 extra
983 3556 1105 3621 vallum
