2414 3968
366 194 461 251 cir.
479 193 742 250 xxxi-rmum.
877 262 879 267 ,
1008 194 1069 258 127

60 343 157 423 esset,
189 341 257 406 eius
289 340 396 405 verbis
428 340 579 405 nuntium
606 340 722 425 mittit,
754 363 827 406 eum
854 340 961 404 minus
989 339 1072 406 belle

60 438 191 502 habere:
215 441 252 502 ut
274 438 441 503 mitterent
463 437 619 520 lecticam,
643 460 706 522 qua
728 439 762 502 in
783 437 938 522 oppidum
957 436 1093 503 deferri

59 537 172 620 possit.
213 536 400 602 Lecticariis
419 537 527 601 missis
545 534 719 618 Pompeius
738 534 898 600 Carteiam
922 534 1073 600 defertur,
1092 551 1108 598 8

61 633 124 710 Qui
156 633 285 698 illarum
316 634 458 719 partium
488 633 631 697 fautores
663 637 784 716 essent,
816 634 1011 698 conveniunt
1039 634 1074 698 in

60 732 206 815 domum,
234 754 297 816 quo
327 736 396 797 erat
423 730 548 796 delatus
572 768 614 776 —
638 731 694 815 qui
721 731 869 795 arbitrati
892 734 968 796 sunt
990 730 1073 796 clan-

59 828 169 893 culum
196 829 321 894 venisse
349 867 406 912 —,
438 832 476 892 ut
503 828 543 892 ab
571 850 622 911 eo,
652 850 733 913 quae
760 827 894 913 vellent,
922 828 960 893 de
988 828 1073 894 bello

58 927 269 1010 requirerent.
319 925 400 990 Cum
432 925 614 1010 frequentia
645 926 859 1010 convenisset,
877 925 930 992 ,de
961 924 1074 990 lectica

58 1024 234 1108 Pompeius
257 1047 368 1090 eorum
391 1025 425 1089 in
446 1023 544 1089 fidem
567 1022 723 1110 confugit.

126 1121 277 1187 XXXIII.
315 1122 432 1187 Caesar
453 1144 494 1186 ex
516 1120 639 1206 proelio
663 1120 791 1186 Mando
813 1121 999 1187 munitione.
1015 1120 1107 1185 cir-1

60 1220 212 1285 cumdata
229 1220 412 1286 Cordubam
434 1220 531 1285 venit.
568 1218 632 1296 Qui
654 1241 695 1283 ex
713 1218 806 1283 caede
824 1241 862 1283 eo
880 1217 1075 1304 refugerant,

13 1381 18 1387 .
58 1322 192 1402 pontem
215 1323 421 1404 occuparunt.
463 1317 545 1382 Cum
568 1339 605 1381 eo
627 1320 760 1380 ventum
784 1320 877 1399 esset,
900 1316 1109 1380 convitiarer

59 1422 243 1502 coeperunt,
266 1440 326 1482 nos
348 1439 388 1485 ex
411 1415 534 1500 proelio
557 1435 676 1498 paucos
700 1435 880 1498 superesse,
903 1435 967 1498 quo
985 1413 1074 1499 fuge-

57 1514 190 1578 remus?
244 1512 296 1578 Ita
333 1535 477 1599 pugnare
513 1515 687 1596 coeperunt
723 1511 761 1576 de
798 1515 904 1595 ponte.
959 1510 1075 1575 Caesar
1118 1554 1120 1560 .

58 1611 180 1676 flumen
203 1613 330 1677 traiecit
352 1616 386 1676 et
409 1615 513 1676 castra
534 1610 651 1694 posuit.
698 1607 845 1693 Scapula,
869 1609 971 1691 totius
994 1608 1073 1674 sedi·
1093 1624 1109 1672 3

58 1708 159 1773 tionis
187 1710 215 1794 [,
244 1709 385 1774 familiae
413 1713 446 1773 et
471 1707 711 1791 libertinorum]
736 1710 853 1790 caput,
884 1728 925 1771 ex
951 1705 1074 1790 proelio

60 1804 244 1870 Cordubam
272 1829 344 1871 cum
371 1807 526 1891 venisset,
551 1804 709 1870 familiam
738 1809 771 1869 et
798 1803 933 1869 libertos
961 1826 1074 1868 convo-

59 1904 154 1987 cavit,
176 1925 290 1987 pyram
313 1904 377 1968 sibi
399 1904 556 1987 extruxit,
582 1919 694 1968 cenam
724 1901 843 1967 adferri
869 1923 966 1986 quam
994 1902 1074 1985 opti-

59 2022 148 2064 mam
165 2000 346 2085 imperavit,
364 2002 442 2065 item
459 2001 591 2084 optimis
605 2000 847 2065 instemendum
860 2000 1075 2064 vestimentis:

59 2098 230 2181 pecuniam
258 2101 291 2162 et
318 2101 487 2183 argentum
510 2098 544 2161 in
567 2097 748 2181 praesentia
769 2095 912 2161 familiae
935 2096 1074 2161 donavit.

60 2192 135 2277 Ipse
161 2193 199 2258 de
222 2197 366 2277 tempore
390 2197 495 2277 cenat,
521 2194 659 2259 resinam
684 2198 717 2258 et
739 2193 876 2258 nardum
900 2193 1110 2258 identideml

60 2291 126 2356 sibi
149 2292 299 2356 infundit.
335 2289 387 2356 lta
408 2291 584 2355 novissimo
607 2295 751 2373 tempore
775 2311 903 2356 serrum
926 2290 1027 2354 iussit
1043 2294 1075 2354 et

59 2388 225 2473 libertum,
247 2389 302 2473 qui
325 2389 441 2453 fuisset
459 2388 528 2453 eius
547 2388 753 2472 concubinus,
776 2386 912 2452 alterum
931 2409 965 2452 se
984 2388 1074 2472 iugu-

59 2487 141 2570 lare,
164 2486 302 2566 alterum
325 2508 439 2571 pyram
462 2486 638 2551 incendere.

128 2582 297 2650 XXXIIII.
348 2581 509 2669 Oppidani
541 2587 662 2667 autem,
694 2583 793 2647 simul
825 2581 941 2646 Caesar
972 2587 1109 2647 castral

61 2688 175 2749 contra
197 2683 238 2747 ad
257 2682 412 2767 oppidum
430 2681 549 2767 posuit,
571 2681 752 2746 discordare
770 2684 955 2764 coeperunt,
974 2701 1076 2764 usque

64 2804 118 2864 eo,
150 2785 188 2845 ut
210 2780 331 2846 clamor
353 2780 388 2844 in
410 2784 516 2844 castra
538 2783 649 2844 nostra
670 2778 969 2864 perveniret†fere
992 2778 1077 2842 inter

63 2878 273 2943 Caesarianos
301 2881 334 2943 et
358 2878 443 2942 inter
464 2877 687 2961 Pompeianos.
732 2876 836 2940 Erant
857 2875 910 2940 hic
932 2875 1110 2961 legionesa

63 2977 147 3040 duae
162 2999 203 3040 ex
215 2976 360 3064 perfugis
374 2965 584 3060 conscriptae,
601 2974 720 3058 partim
734 2973 969 3058 oppidanorum
983 2975 1076 3053 servi,

63 3072 120 3157 qui
153 3077 243 3137 erant
275 3096 294 3136 a
326 3071 357 3138 S.
384 3072 539 3156 Pompeio
571 3073 775 3157 manumissi,
812 3072 868 3156 qui
899 3071 933 3136 in
965 3070 1075 3136 Gaesa-

61 3170 108 3234 ris
140 3169 312 3237 adventum
344 3170 514 3235 dissentire
541 3175 722 3254 coeperunt.
746 3168 868 3255 .Legio
895 3187 959 3233 xln
986 3171 1109 3253 oppia

65 3267 142 3330 dum
162 3267 329 3332 defendere
348 3269 462 3353 coepit,
480 3290 529 3351 ne,
548 3290 621 3332 cum
639 3268 704 3331 iam
723 3267 952 3352 depugnarent,
969 3270 1075 3330 turres

64 3387 105 3430 ex
133 3369 224 3448 parte
252 3368 285 3429 et
311 3387 439 3430 murum
467 3369 667 3449 occuparent.
716 3364 856 3429 Demum
882 3364 1007 3449 legatos
1035 3363 1110 3427 ad4

64 3461 234 3527 Gaesarem
247 3462 391 3546 mittunt,
404 3467 441 3527 ut
454 3464 517 3528 sibi
530 3463 673 3549 legiones
684 3462 827 3527 subsidio
837 3462 1077 3527 intromitteret.

62 3559 136 3624 Hoc
164 3581 237 3624 cum
265 3559 555 3626 animadverterent
581 3560 728 3626 homines
751 3559 896 3645 fugitivi,
923 3559 1076 3643 oppidum
