2414 3968
133 175 196 239 126
427 174 574 231 BELLUM
592 174 842 231 fflsrnnmnsn.

94 338 110 387 t
128 320 201 404 Hic,
215 324 252 385 ut
265 321 311 385 ait
323 320 458 404 Ennius,
471 344 536 405 pes
553 322 646 405 pede
664 322 866 405 premitur,
882 326 1016 391 armis
1031 329 1160 392 terun-

129 424 193 485 tur
222 441 337 502 arma,
364 419 626 504 adversariosque
653 420 941 487 vehementissime
973 430 1160 511 pugnantes

129 516 233 582 nostri
256 537 349 627 agere
372 521 558 601 coeperunt3
582 517 700 602 quibus
722 518 879 602 oppidum
904 520 978 587 fuit
1003 524 1158 590 subsidio.

95 614 213 679 slta
204 615 284 725 ipsis
306 614 508 680 Liberalibus
530 616 596 679 fusi
619 615 787 701 fugatique
809 636 877 680 non
903 620 1159 703 superfuissent,

130 714 193 777 nisi
216 713 250 776 in
272 734 346 777 eum
369 712 475 778 locum
498 713 729 797 confugissent,
751 736 792 777 ex
814 734 881 797 quo
905 723 1013 784 erant
1030 740 1161 807 egressa

95 810 169 875 alu
192 831 257 920 quo
279 810 403 893 proelio
426 810 609 875 ceciderunt
630 810 721 875 milia
737 810 911 877 hominurn
930 814 1076 883 circiter
1093 835 1156 883 m

130 909 215 974 etsi
238 907 316 991 quid
339 907 490 991 amplius,
512 913 677 992 praeterea
699 907 872 992 Labienus,
893 907 1022 979 Attius
1047 912 1155 995 Varus,

131 1005 249 1091 quibus
286 1006 400 1069 occisis
436 1006 583 1089 utrisque
618 1006 716 1071 funus
748 1008 798 1071 est
828 1005 977 1094 factum,
1016 1012 1153 1098 itemque

129 1103 255 1187 equites
282 1102 420 1168 Romani
446 1104 565 1186 partim
593 1126 632 1168 ex
661 1104 739 1169 urbe
765 1102 887 1188 partim
915 1127 962 1171 ex
989 1110 1151 1194 provincis

79 1217 113 1265 ιο
133 1200 173 1263 ad
209 1200 300 1264 milia
330 1218 377 1264 111.
429 1200 543 1265 Nostri
579 1201 750 1266 desiderati
782 1200 823 1264 ad
853 1199 1040 1271 hominum
1074 1206 1151 1273 mille

79 1315 110 1364 11
131 1299 250 1383 partim
273 1299 420 1383 equitum
442 1299 560 1382 partim
588 1299 747 1383 peditum3
773 1298 875 1363 saucii
899 1300 944 1364 ad
969 1301 1013 1368 D.
1039 1302 1150 1370 Adver-

129 1398 289 1462 sariorum
317 1396 443 1480 aquilae
470 1401 547 1460 sunt
574 1396 700 1462 ablatae
726 1413 790 1460 xm
814 1399 847 1460 et
868 1396 972 1482 signa
995 1404 1035 1466 et
1058 1402 1149 1469 fasee

137 1521 272 1580 .....;
298 1498 464 1578 praeterea
484 1545 624 1558 .......
667 1492 737 1557 Hos
759 1492 874 1559 habuit
895 1544 1054 1565 .......

96 1611 109 1658 1
196 1591 331 1657 XXXII.
375 1641 516 1657 .......
546 1615 585 1657 ex
610 1592 689 1676 fuga
710 1591 771 1656 hac
794 1590 850 1675 qui
873 1594 1045 1678 oppidum
1069 1598 1149 1663 blun-

131 1691 205 1754 dam
241 1690 305 1754 sibi
336 1690 580 1755 constituissent
612 1689 819 1773 praesidium,
853 1692 1036 1779 nostrique
1070 1716 1149 1783 coge

96 1806 112 1853 a
131 1788 250 1851 bantur
268 1788 446 1852 necessario
465 1809 520 1851 eos
538 1787 786 1853 circumvallare.
815 1786 868 1852 Ex
886 1786 1048 1859 hostiurn
1062 1794 1149 1859 arrn'n

129 1888 222 1949 scuta
246 1888 280 1949 et
300 1883 367 1968 pila
388 1906 448 1968 pro
471 1886 605 1969 cespite,
626 1908 686 1969 pro
710 1884 794 1950 vallo
821 1886 984 1954 cadavera
1010 1892 1149 1959 conloca

129 1982 261 2067 bantur3
293 1983 424 2066 insuper
455 1984 633 2048 occisomm
666 1984 700 2047 in
727 1982 909 2068 gladiorum
938 1990 1149 2057 mucronibus

129 2080 237 2164 capita
262 2079 430 2145 hominum
457 2081 604 2145 ordinata
631 2080 672 2144 ad
698 2081 853 2165 oppidum
876 2103 1061 2154 conversa:
1092 2088 1149 2154 uni·

129 2199 222 2242 versa
252 2177 396 2243 hostium
428 2179 577 2243 timorem
608 2228 750 2243 .......
779 2178 980 2264 virtutisque
1015 2185 1149 2273 insignis

129 2276 296 2360 proposita
326 2276 472 2341 viderent
503 2280 536 2340 et
567 2276 652 2340 vallo
682 2274 1021 2347 circumcluderentur
1051 2284 1149 2349 adrer-

94 2374 215 2439 3sarii.
261 2371 312 2437 lta
335 2372 420 2438 Galli
443 2373 580 2460 tragulis
603 2373 779 2458 iaculisque
802 2374 975 2461 oppidum,
1006 2384 1098 2463 quod
1118 2402 1149 2445 ex

130 2470 274 2535 hostium
297 2471 504 2536 cadaveribus
528 2475 606 2535 sunt
627 2470 847 2556 circumplexi,
869 2493 1074 2562 oppugnare
1091 2500 1149 2545 ece

95 2572 256 2653 speruut.
292 2568 344 2632 Ex
366 2567 428 2633 hoe
446 2569 569 2652 proelio
587 2567 738 2634 Valerius
757 2569 946 2636 adulescens
965 2570 1149 2643 Corduben

132 2688 205 2731 oum
224 2666 335 2749 paucis
349 2666 512 2748 equitibus
526 2667 620 2752 fugit,
640 2665 712 2731 Sex.
725 2666 892 2752 Pompeio,
907 2670 967 2753 qui
982 2669 1148 2741 Cordubae

97 2763 256 2846 sfirisset,
279 2784 347 2826 rem
370 2767 495 2847 gestam
517 2765 624 2829 refert.
663 2763 801 2850 Cognito
820 2764 883 2829 hoc
900 2772 1054 2857 negotio,
1077 2792 1148 2857 quos

132 2861 257 2944 equites
289 2881 397 2924 secum
429 2860 557 2945 habuit,
589 2861 675 2947 quod
705 2862 858 2946 pecuniae
886 2884 1003 2931 secum
1032 2868 1148 2947 babuit

133 2958 181 3022 e'is
208 2956 374 3020 distribuit
400 2960 434 3020 et
460 2959 629 3042 oppidanis
657 2960 740 3025 dixit
771 2982 805 3024 se
833 2959 872 3024 de
902 2983 985 3045 pace
1014 2968 1061 3033 ad
1083 2966 1148 3032 (lae-

133 3076 236 3118 sarem
259 3054 420 3137 proficisci
442 3059 475 3119 et
499 3057 639 3121 secunda
656 3056 769 3141 vigilia
791 3056 832 3120 ab
851 3058 973 3141 oppido
995 3062 1149 3131 diensem

97 3171 114 3218 e
133 3151 189 3217 Cn.
207 3151 380 3237 Pompeius
403 3177 477 3220 cum
499 3155 663 3240 equitibus
685 3154 797 3239 paucis
815 3154 1054 3244 nonnullisque
1072 3160 1150 3247 podi-

134 3252 223 3316 tibus
251 3251 291 3314 ad
318 3252 429 3317 navale
459 3253 654 3336 praesidium
681 3252 859 3337 parandum
887 3251 1059 3325 Carteiam
1087 3282 1150 3326 eon·

134 3349 248 3432 tendit,
271 3350 357 3432 quod
380 3351 533 3433 oppidum
558 3351 649 3414 abest
671 3372 691 3413 a
709 3350 859 3415 Corduba
880 3350 975 3416 milia
999 3378 1150 3441 passuum

101 3462 238 3511 tcuxx.
298 3445 368 3522 Quo
409 3469 482 3511 cnm
523 3449 564 3511 ad
600 3452 748 3512 octavum
787 3446 965 3513 miliarium
1005 3456 1151 3533 venisset,

136 3543 172 3609 P.
206 3542 381 3627 Caucilius,
417 3546 472 3628 qui
510 3545 624 3609 castris
655 3549 749 3610 antea
779 3545 915 3630 Pompei
946 3556 1152 3639 praepositus
