2414 3968
390 213 469 270 crr.
488 214 789 300 xxxva-xxxxii.
1052 219 1093 282 27

86 359 301 427 concurritur:
330 358 446 426 acriter
471 359 622 443 varieque
653 363 824 445 pugnatur.
873 360 959 427 Nam
986 379 1096 426 xxxvi

83 455 184 540 legio,
208 477 282 523 cum
306 459 397 522 extre
418 455 540 523 fossam
564 456 599 522 in
617 456 742 540 equites
765 457 851 542 regis
874 458 1029 541 impetum
1051 459 1095 522 fe

83 554 195 636 cisset,
228 553 305 621 adeo
338 554 514 621 seeundum
545 552 705 638 proelium
736 553 827 638 iecit,
859 558 896 621 ut
927 556 1094 620 moenibus

83 649 195 733 oppidi
210 649 393 717 succederet
405 650 590 734 fossamque
608 650 761 716 transiret
780 672 972 737 aversosque
984 651 1094 716 hostes

83 744 319 829 adgrederetur.
363 744 410 814 At
432 745 568 814 Pontica
590 769 630 812 ex
659 747 760 814 altera
781 751 873 833 perte
895 748 995 834 legio,
1022 767 1130 814 cume

82 841 217 927 paulum
235 864 346 910 aversa
362 842 513 911 hostibus
527 844 686 928 cessisset,
702 844 824 911 fossam
838 849 945 910 autem
963 847 1094 911 circum·

83 941 132 1005 ire
155 961 191 1005 ac
214 940 439 1008 transcendere
462 944 577 1009 cenete
600 946 698 1026 esset,
727 946 765 1007 ut
792 943 831 1009 ub
859 947 969 1027 aperto
996 941 1095 1007 latere

82 1036 312 1121 adgrederetur
337 1036 480 1122 hostem,
510 1038 545 1104 in
572 1039 643 1123 ipso
671 1041 811 1106 transitu
838 1040 943 1106 fossae
971 1042 1096 1107 confixa

82 1139 116 1199 et
134 1148 292 1217 'oppressa
319 1137 376 1200 est.
421 1133 568 1202 Deiotari
590 1158 665 1202 vero
693 1137 837 1223 legiones
859 1138 915 1202 vix
938 1139 1094 1223 impetum

83 1231 315 1300 sustinuerunt.
361 1229 413 1300 Ita
443 1232 592 1300 victrices
624 1233 731 1318 regiae
764 1233 874 1317 copiae
905 1255 1004 1299 cornu
1035 1249 1129 1300 suos

83 1329 197 1396 dextro
220 1328 389 1412 mediaque
412 1330 479 1398 acic
507 1333 733 1396 converterunt
756 1352 790 1395 se
817 1331 859 1395 ad
881 1348 991 1396 xxxvr
1017 1333 1094 1419 legi·

84 1447 186 1493 onem.
224 1420 312 1502 Quae
330 1429 439 1493 temen
456 1426 585 1492 fortiter
602 1426 800 1492 vincentium
821 1428 978 1511 impetum
1001 1432 1094 1496 susti·

82 1523 164 1607 nuit,
187 1523 319 1608 magnis
338 1523 440 1607 copiis
457 1522 602 1590 hostium
621 1524 817 1590 circumdata
833 1526 1094 1609 praesentissimo

82 1621 190 1687 animo
218 1639 369 1704 pugnans
396 1619 431 1686 in
459 1621 569 1688 orbem
593 1643 626 1687 se
650 1621 771 1705 recepit
793 1620 835 1686 ad
861 1621 983 1686 radices
1005 1645 1093 1688 mon-

82 1720 179 1802 tium3
208 1739 271 1802 quo
294 1716 475 1784 Pharnaces
499 1719 626 1804 insequi
648 1723 781 1803 propter
804 1718 1008 1802 iniquitatem
1030 1719 1094 1784 loci

81 1815 195 1884 noluit.
241 1813 292 1882 Ite
309 1813 445 1881 Pontica
466 1815 594 1901 legione
616 1837 717 1901 paene
739 1819 810 1881 tote
828 1816 955 1900 amissa,
977 1833 1130 1902 magnae

82 1915 174 1994 parte
196 1909 342 1979 Deiotari
365 1910 507 1979 militum
529 1912 699 1979 interfecte
722 1930 833 1979 xxxvl
859 1913 945 1998 legio
968 1915 1002 1979 in
1023 1916 1095 1980 loca

83 2031 118 2073 se
155 2007 322 2090 superiore
355 2008 493 2075 eontulit
529 2032 595 2075 non
627 2010 767 2094 amplius
800 2027 866 2075 cca
899 2011 1093 2079 desideratis.

84 2104 278 2172 Ceciderunt
295 2125 332 2171 ee
351 2105 474 2191 proelio
490 2105 650 2189 splendidi
665 2111 760 2190 atque
775 2107 1004 2173 inlustresviri
1017 2132 1094 2174 non·
1113 2123 1128 2171 e

83 2201 176 2286 nulli,
191 2202 316 2286 equites
329 2201 476 2268 Romani.
509 2201 579 2278 Quo
592 2207 701 2268 tamen
714 2203 917 2267 incommodo
929 2202 1093 2270 Domitius

82 2302 214 2384 eccepto
238 2298 390 2383 reliquiae
414 2299 575 2366 exercitus
592 2299 740 2382 dissipati
759 2298 891 2383 collegit
912 2299 1093 2366 itineribus-

83 2419 146 2482 que
169 2396 250 2463 tutis
272 2417 330 2480 per
353 2394 587 2479 Cappadociam
610 2417 644 2462 se
667 2395 702 2460 in
724 2392 837 2459 Asiam
859 2396 988 2478 recepit

149 2491 298 2562 XXXXI.
329 2492 510 2560 Pharnaces
533 2493 628 2560 rebus
658 2490 805 2558 secundis
829 2491 932 2555 elatus
959 2514 1032 2557 cum
1055 2494 1093 2558 de
1113 2511 1127 2558 1

83 2591 218 2659 Caesare
241 2611 290 2674 ea,
319 2612 401 2674 quae
423 2591 569 2675 optabat,
597 2593 754 2674 speraret,
780 2587 922 2654 Pontum
944 2591 1093 2654 omnibus

82 2688 186 2772 copiis
209 2686 379 2771 occupavit
401 2687 511 2772 ibique
534 2692 567 2754 et
586 2688 691 2753 victor
713 2690 746 2752 et
769 2685 1010 2751 crudelissimus
1027 2710 1093 2772 rex,

81 2806 157 2851 cum
181 2784 245 2851 sibi
267 2784 431 2851 fortunam
457 2787 624 2867 paternam
650 2784 794 2851 feliciore
817 2786 934 2848 eventu
957 2782 1093 2848 destina·

81 2885 144 2965 ret,
160 2880 265 2949 multa
278 2881 397 2965 oppida
411 2881 616 2965 expugnavit,
638 2882 723 2948 bona
736 2879 857 2946 civium
873 2878 1093 2945 Romanorum

82 2976 355 3062 Ponticorumque
374 2977 518 3061 diripuit,
538 2978 698 3061 supplicia
715 2976 883 3042 constituit
901 2977 935 3042 in
954 2998 1018 3061 eos,
1037 2978 1127 3062 quia

84 3073 224 3158 aliquem
251 3074 373 3142 famae
402 3078 497 3158 atque
525 3075 641 3140 aetatis
665 3072 975 3139 commendationem
997 3072 1092 3140 habe-

83 3170 171 3254 bant,
193 3192 238 3255 ea,
259 3192 340 3255 quae
353 3175 457 3235 morte
471 3175 578 3235 essent
590 3171 766 3253 miseriora,
783 3168 988 3254 Pontumque
1002 3170 1091 3235 nullo

83 3265 272 3335 defendente
293 3272 463 3351 paternum
485 3289 621 3353 regnum
644 3267 786 3353 glorians
810 3287 844 3330 se
862 3267 1019 3352 recepisse
1037 3267 1091 3331 eb·
1136 3317 1138 3323 r

83 3364 216 3432 mehor
323 3389 326 3396 ·

140 3459 313 3529 'XXXXIL
351 3461 419 3532 Sub
441 3463 527 3529 idem
549 3467 677 3546 tempus
700 3462 736 3527 in
752 3459 883 3547 Illyrico
903 3467 953 3528 est
972 3464 1125 3529 iucem-1

81 3557 214 3625 modum
236 3563 416 3646 acceptum,
439 3582 520 3645 quae
542 3560 708 3644 provincie
731 3560 952 3644 superioribus
976 3560 1091 3631 mensi-
