2414 3968
453 175 499 230 vl.
525 175 574 229 ns
594 175 729 231 ssms
907 158 910 162 ’
1035 178 1100 244 155

160 278 284 374 Madau
304 318 417 374 saun.
436 319 463 385 1,
481 321 529 384 14,
549 321 645 373 c-zs.
682 319 776 373 cam
801 319 903 374 occa
929 320 1016 375 acm
1043 322 1101 377 aa

87 391 270 445 obmationi
296 390 378 444 ceteri
404 406 487 458 super
507 389 621 456 adiecit,
642 396 675 445 nt
697 407 803 444 annum
825 392 937 446 trecenti
956 395 1101 463 senapinta

87 463 208 531 quinque
226 462 292 528 dies,
311 461 410 530 quibus
427 461 468 515 sol
486 460 586 515 lustrat
603 461 760 527 zodiacum,
777 462 921 530 efficerent,
938 469 965 517 et
980 480 1015 517 ue
1032 481 1099 533 arra-

87 533 174 587 drons
196 532 308 598 deesset,
334 532 444 599 statutt,
470 537 503 585 ut
525 537 623 600 quarto
646 547 750 601 quoque
772 549 847 587 anno
869 534 1027 601 sacerdotes,
1052 535 1101 604 qui

87 605 224 658 micabant
240 603 378 658 mambres
395 620 429 657 ac
446 603 553 669 diebus,
576 619 664 656 unum
681 604 876 658 intercalarent
893 605 978 671 diem,
1000 621 1030 659 co
1048 606 1100 660 sci-

87 676 148 730 licet
166 691 301 730 nemeae
314 675 380 739 loco,
397 690 451 744 quo
467 674 550 729 etiam
562 674 640 743 apud
653 681 751 729 oeteres
764 676 863 730 unnsis
876 676 1100 744 intercalabatur,

86 747 117 800 id
135 752 174 801 est
192 752 256 801 arete
273 747 392 815 quinque
409 745 519 799 ulnmos
537 744 690 799 Februarii
707 747 806 800 mensis
824 747 882 800 dies
900 747 981 816 aque
1000 748 1100 802 bissen-

85 824 144 872 tum
162 817 267 871 censuit
284 816 491 870 nominandum.
520 815 579 870 dies
596 822 687 870 auam
704 817 801 883 decem,
819 833 885 886 quos
898 819 934 872 ab
947 834 977 873 eo
991 819 1101 874 additos

85 889 222 954 dicimus,
244 889 296 942 bac
319 887 493 957 ordinatinem
510 886 658 942 distribuit.
695 888 727 941 iu
743 889 913 943 Ianuarium
930 896 956 944 et
974 889 1101 944 secatam

83 965 112 1014 ,et
132 959 306 1014 Decembrem
333 959 411 1013 binos
432 959 491 1013 dies
512 958 643 1025 msauit,
669 959 702 1012 iu
723 959 848 1028 Aprilem
872 966 962 1014 auten
984 962 1101 1015 Iunium

85 1029 264 1099 Septembrem
286 1029 463 1084 Nouembrem
489 1029 625 1099 sinpulos,
652 1030 700 1084 sed
726 1047 811 1100 neque
835 1032 921 1085 mensi
943 1031 1099 1086 Februario

86 1101 196 1155 addidit
218 1101 303 1166 diem,
324 1118 359 1155 ne
377 1101 457 1155 deum
474 1100 594 1166 inferum
611 1101 708 1171 relipio
725 1102 925 1167 immutaretur,
947 1109 973 1157 et
991 1102 1099 1158 Martio

87 1172 169 1226 Maio
190 1171 309 1241 Quintili
336 1171 444 1227 Octobri
470 1172 587 1226 seroaoit
609 1172 762 1240 pristinum
788 1179 901 1240 natum,
929 1175 1003 1242 quod
1029 1175 1099 1228 satis

81 1245 165 1312 pleno
188 1249 266 1298 mant
288 1259 413 1310 numero,
435 1243 467 1296 id
489 1248 528 1296 cst
549 1242 656 1296 durum
677 1244 850 1314 simpulorum
872 1250 1097 1314 necermrumque.

84 1315 145 1369 ideo
170 1321 195 1369 et
216 1314 383 1384 septimanas
405 1314 505 1368 babent
522 1314 635 1380 Nonas,
656 1314 728 1368 sicut
745 1314 842 1368 Numa
860 1316 1014 1383 constituit,
1031 1316 1099 1385 quia

84 1386 156 1440 nrlul
179 1387 210 1439 in
233 1387 276 1440 bis
293 1386 387 1440 Iulius
409 1385 539 1438 mutarit:
565 1385 612 1438 sed
633 1386 789 1440 Ianuarius
812 1386 924 1441 Seatilis
945 1386 1099 1453 December,

84 1458 183 1526 qurbrrs
203 1456 304 1511 ansou
328 1457 405 1510 binos
428 1456 486 1510 dies
504 1455 627 1521 addidit,
650 1457 711 1512 licet
728 1457 845 1511 tricenos
861 1458 907 1512 sin
945 1457 984 1512 los
1002 1458 1099 1513 habere

80 1535 143 1597 post
162 1528 303 1583 caesarem
322 1527 471 1596 coeperunt,
489 1527 640 1596 quintanas
658 1533 749 1582 tamen
765 1527 865 1583 babent
914 1544 995 1595 onas,
1018 1536 1043 1583 et
1062 1529 1097 1582 ab

82 1600 182 1654 Idibus
204 1600 262 1653 illis
284 1605 422 1668 sequentes
446 1597 592 1653 Kalendae
613 1598 646 1652 in
666 1599 895 1654 undevicesimum
917 1606 1099 1666 revertuntur,

83 1672 149 1739 quia
169 1665 283 1736 Caesar,
306 1686 373 1738 qnos
395 1669 506 1723 addidit
527 1669 599 1735 dies,
621 1686 706 1740 neque
729 1677 792 1724 aute
810 1670 910 1725 Nonas
932 1687 1017 1740 neque
1035 1677 1099 1726 ante

82 1742 153 1795 Idus
170 1742 287 1795 inserere
305 1741 404 1807 uoluit,
426 1757 461 1794 ne
478 1740 628 1794 Nonarum
646 1747 696 1796 aut
713 1742 817 1796 Iduum
834 1742 1004 1811 relipionem,
1029 1759 1099 1811 qliae

83 1817 154 1866 stato
177 1818 236 1866 erat
253 1812 311 1878 die,
333 1811 440 1865 nooella
458 1812 741 1880 comperendinatione
759 1819 947 1882 corrumperet.
984 1813 1031 1867 scd
1049 1830 1098 1868 nec

78 1890 143 1951 post
161 1882 231 1936 Idus
253 1898 317 1936 mocc
334 1882 421 1937 coluit
438 1883 569 1949 inserere,
591 1900 626 1936 ne
642 1884 779 1949 feriarum
796 1901 965 1953 quarumque
982 1885 1097 1938 oiolare-

82 1960 129 2008 tur
152 1954 279 2021 indictio,
307 1953 354 2007 sed
376 1953 496 2021 peractis
519 1954 649 2022 cuiusque
671 1955 771 2009 mensis
791 1956 871 2022 feriis
894 1955 981 2009 locum
1003 1956 1099 2015 diebus

82 2025 196 2078 odoemis
214 2025 285 2090 fecit.
323 2031 353 2078 et
374 2024 546 2078 Ianuario
569 2025 699 2095 quidem
722 2026 807 2092 dies,
834 2042 914 2094 quos
941 2026 1098 2092 dicimus,

82 2102 243 2164 quartum
283 2101 312 2148 et
352 2096 487 2148 tertium
524 2094 701 2149 Kalendas
738 2095 949 2150 Februarias
991 2097 1098 2162 dedit,

81 2167 204 2234 Aprili
230 2172 357 2219 sectum
385 2165 561 2219 Kalendas
584 2166 714 2233 Maias,
741 2167 844 2221 Iunio
867 2168 1004 2222 tertium
1027 2167 1096 2220 Ka-

85 2238 204 2292 lendas
221 2237 349 2303 Iulias,
371 2237 524 2306 Aupasto
541 2243 698 2305 quartum
716 2243 747 2292 et
764 2239 900 2291 tertium
918 2237 1097 2292 Kalendas

83 2308 301 2376 Septembres,
315 2307 499 2376 Septembri
511 2308 647 2362 tertium
656 2307 836 2363 Kalendas
851 2307 1096 2374 Octobres,No-

81 2380 209 2433 oembri
235 2379 371 2433 tertium
393 2378 569 2433 Kalendas
591 2379 797 2446 Decembres,
819 2379 995 2434 Decembri
1021 2395 1097 2434 oero

82 2457 238 2520 quartum
256 2457 286 2504 et
303 2451 439 2504 tertium
457 2449 634 2503 Kalendas
651 2450 848 2504 Ianuarias.
876 2451 918 2504 ita
930 2451 1035 2516 factum
1049 2457 1096 2517 est,

80 2528 112 2576 ut
135 2538 196 2576 cum
220 2537 310 2575 omnes
327 2521 357 2574 bi
374 2537 489 2586 nunses,
512 2520 611 2590 mrbus
629 2521 687 2575 dies
705 2521 828 2587 addidit,
851 2527 915 2575 ante
932 2522 1005 2574 banc
1022 2521 1095 2574 ordi-

83 2594 222 2647 nationem
248 2592 407 2646 habuissent
432 2593 533 2646 mensis
559 2593 693 2661 sequentis
718 2592 863 2646 Kalendas
890 2592 928 2645 ad
954 2592 1098 2660 septimum

81 2665 215 2719 decimum
237 2669 408 2728 revertentes,
428 2669 524 2731 postea
546 2679 580 2717 ea
597 2669 741 2733 aucmento
759 2663 918 2717 additarum
935 2663 1040 2716 diermn
1058 2663 1096 2729 bi,

83 2736 134 2804 oui
157 2736 226 2790 duos
248 2739 422 2803 acceperunt,
445 2735 483 2787 ad
500 2749 604 2787 nonum
623 2735 769 2800 demmum,
792 2735 918 2802 quivero
936 2750 1033 2801 rmum,
1058 2734 1096 2787 ad

82 2813 208 2861 octaoum
239 2806 372 2860 dommum
403 2806 531 2859 haberent
560 2805 678 2860 reditmn
710 2805 911 2859 Kalendarum.
960 2805 1095 2871 feriarum

82 2883 175 2932 tamen
193 2878 323 2946 cuiusque
341 2877 440 2930 mensis
458 2877 525 2930 ordo
543 2882 665 2931 serratus
682 2882 727 2930 est.
756 2893 822 2930 nam
839 2876 911 2930 siam
926 2876 983 2942 fere
1001 2876 1096 2930 tectim

83 2948 119 3001 ab
143 2948 242 3003 Idibus
269 2949 328 3002 dies
350 2948 436 3013 festus
457 2953 508 3001 aut
530 2947 648 3013 feriatus
669 2947 726 3013 fuit
756 2954 782 3002 et
803 2953 869 3001 tunc
891 2963 917 3000 a.
941 2947 967 3000 d.
991 2952 1096 3001 sextum

82 3019 216 3072 decimum
235 3019 384 3085 dicebatur,
401 3019 484 3073 etiam
498 3024 562 3086 post
579 3024 753 3088 aucmentum
771 3019 877 3072 dierum
895 3017 986 3072 eadem
999 3018 1096 3088 relipio

83 3095 192 3143 servata
215 3096 265 3156 est,
287 3097 318 3145 ut
342 3090 420 3145 tertio
438 3089 473 3142 ob
491 3090 590 3143 Idibus
608 3090 652 3143 die
669 3089 855 3156 celebraretur,
878 3089 939 3143 licet
956 3089 991 3142 ab
1009 3088 1103 3142 incra

84 3166 173 3214 mento
186 3176 241 3214 uon
255 3161 312 3213 iam
326 3178 351 3215 a.
363 3162 504 3215 decatum
517 3161 649 3215 decimum
658 3160 804 3214 Kalendas
816 3161 863 3214 sed
876 3176 902 3214 a.
912 3160 938 3213 d.
953 3160 1096 3229 septimiam

84 3231 231 3297 decimum,
249 3232 274 3285 si
292 3248 379 3297 unus,
397 3249 422 3286 a.
443 3231 469 3285 d.
490 3238 613 3286 oetaeum
631 3232 777 3297 decimum,
799 3232 896 3286 sidua
914 3236 979 3285 suut
996 3231 1096 3296 additi,

84 3302 227 3356 diceretur.
260 3319 325 3355 uam
343 3303 403 3356 ideo
421 3319 505 3357 nooos
523 3303 580 3356 dies
598 3303 671 3356 circa
689 3303 771 3368 tinem
788 3303 918 3371 cuiusque
935 3303 1034 3356 mensis
1051 3302 1094 3355 in-

85 3373 180 3439 seruit,
193 3372 242 3426 ubi
254 3373 336 3439 finem
349 3374 479 3439 omnium,
493 3391 562 3442 quoe
575 3374 607 3426 in
620 3389 708 3427 mense
722 3379 807 3443 erant,
821 3374 940 3442 repperit
952 3374 1096 3440 feriarum,

80 3443 300 3512 adiectosaue
327 3460 434 3499 omnes
462 3462 480 3498 a
506 3461 537 3498 se
562 3445 633 3498 dics
659 3444 768 3510 fastos
791 3445 936 3510 notaoit,
957 3449 990 3498 ut
1009 3444 1094 3497 maio·

82 3532 139 3568 rem
157 3515 235 3569 daret
253 3515 406 3570 actionibus
425 3515 586 3582 libertatem,
609 3522 634 3570 et
651 3531 708 3569 non
725 3516 813 3569 solum
830 3516 937 3569 nullum
958 3515 1095 3580 infastum

83 3587 130 3641 sed
157 3603 206 3640 nec
233 3586 395 3641 comitialem
417 3593 576 3655 quemquam
598 3587 632 3641 de
654 3587 767 3642 adiectis
789 3588 884 3641 diebus
906 3585 1038 3653 instituit,
1060 3600 1096 3638 nc

880 3674 933 3727 11*
