2414 3968
308 181 354 236 HL
378 180 560 236 ANTICA'IO
580 181 817 237 a.u.0.1>001x.
1012 182 1074 246 147

131 324 206 378 Plat.
232 324 294 377 Cat·
315 327 357 378 54.
396 321 588 392 Ἐκπεμφθεὶς
615 322 646 377 δὲ
675 324 714 386 εἰς
737 321 842 391 Ἀσίαν,
868 324 905 386 ὡς
932 333 990 386 τοῖς
1018 324 1076 379 ἐκεῖ

59 392 211 464 συνάγουσι
229 398 313 448 πλοῖα
331 395 380 448 καί
399 393 531 463 στρατιάν
550 392 686 464 ὠφέλιμος
705 392 822 464 γένοιτο,
841 393 992 466 Σερβιλίαν
1008 395 1021 449 έ
1042 418 1074 466 η-

59 465 158 536 γάγετο
190 465 241 556 την
274 465 400 534 ἀδελφὴν
431 467 479 520 καί
507 466 537 519 τὸ
565 466 739 520 Λευκούλλου
766 463 882 520 παιδίον
911 465 939 531 ἐξ
967 464 1075 535 ἐκείνης

60 534 181 662 γὲγὲνόςςλ.
222 537 406 662 Ηκολιῖἑθησὲ
422 535 487 661 γάρἰ
505 538 580 661 αόὲᾦ
603 536 772 662 γληρεόουσὸα,
795 538 851 628 καίΧ
866 538 947 662 πολὺὁ
960 546 1015 662 {aa
1034 538 1074 600 εἰς

58 625 265 747 {sotim
283 615 393 748 λιιίῖι
407 609 471 733 ιἷῖίί
483 617 946 749 iiiiisilviiiffiilvsvls
964 629 1074 749 κῖίῖίζ

58 748 126 811 οὐδὲ
145 758 201 805 τῶν
219 747 265 803 ἐπ’
288 748 380 823 ἐκείνῃ
399 751 581 820 βλασφημιῶν
600 759 648 804 τοῦ
668 748 800 813 Κάτωνος
819 747 957 819 ἐφείσατο.

130 1033 203 1088 siet.
228 1034 302 1088 Caes.
327 1037 371 1088 56.
409 1034 532 1103 Reliquit
559 1041 584 1103 et
611 1034 643 1088 cle
670 1034 811 1105 Aaaloyia
838 1035 907 1089 claos
935 1036 1019 1090 libros
1047 1043 1072 1090 et

57 1105 237 1160 Anticatones
258 1106 368 1160 totidem
391 1146 397 1158 .
418 1147 424 1159 .
445 1149 450 1158 .
477 1104 598 1174 anraae
621 1106 754 1160 librorum
772 1106 877 1173 primos
900 1108 932 1159 ia
950 1108 1072 1162 trarisita

59 1176 176 1245 Alpiari
195 1219 200 1230 .
216 1218 222 1230 .
239 1217 245 1229 .
264 1183 400 1245 seqaeritcs
417 1177 467 1230 sal
485 1183 589 1244 tempas
608 1176 775 1231 Maricleasis
789 1178 892 1244 proelii
909 1178 981 1243 fecit.

131 1248 206 1301 Plat.
228 1247 301 1302 Caes.
322 1251 364 1301 54.
398 1245 429 1302 Ὁ
448 1246 498 1316 μὲν
517 1245 568 1302 altr
587 1246 654 1316 μετὰ
672 1255 759 1301 ταῦτα
779 1249 896 1317 γραφεὶς
914 1247 962 1302 ὑπ’
985 1249 1072 1303 αὐτοῦ

57 1318 127 1386 πρὸς
145 1316 266 1372 Κάτωνα
288 1321 430 1373 τεθνεῶτα
452 1316 533 1388 λόγος
553 1319 586 1372 οὐ
605 1321 684 1372 δοκεῖ
701 1317 796 1386 πράως
815 1317 926 1388 ἔχοντος
944 1319 1010 1374 οὐδὲ
1029 1321 1072 1374 εό-

57 1388 227 1451 διαλλάκτως
253 1399 366 1459 σημεῖον
394 1386 475 1444 εἶναι.
512 1393 577 1452 Πῶς
604 1388 657 1460 γάρ
682 1387 718 1443 ier
756 1387 871 1458 φείσατο
896 1392 1009 1459 ζῶντος,
1033 1392 1073 1454 εἰς

56 1458 233 1529 ἀναίσθητον
257 1459 353 1531 ἐκχέας
376 1460 463 1532 ὀργὴν
486 1461 636 1530 τοσαότην;
663 1469 697 1532 τῇ
722 1458 754 1514 δὲ
772 1460 842 1528 πρὸς
860 1459 1005 1529 Κικέρωνα
1024 1464 1084 1516 καί

58 1536 182 1600 Βροῦτον
209 1533 295 1586 αὑτοῦ
324 1533 372 1586 καὶ
395 1530 511 1600 μυρίους
534 1531 633 1594 ἄλλους
655 1541 710 1586 τῶν
733 1530 964 1601 πεπολεμηκότων
988 1533 1072 1588 ἐπιει-

57 1600 119 1678 κείᾳ
138 1601 334 1671 τεκμαίρονται
353 1605 401 1657 καί
420 1601 570 1674 τὸνλόγον
589 1603 697 1658 ἐκεῖνον
712 1603 763 1656 οὐκ
778 1602 805 1668 ἐξ
820 1601 983 1677 ἀπεχθείας,
1003 1604 1072 1658 ἀλλὰ

56 1672 200 1748 φιλοτιμίᾳ
222 1678 349 1746 πολιτικῇ
373 1674 560 1746 συντετάχθαι
583 1673 632 1728 διὰ
654 1674 787 1743 τοιαύτην
809 1671 911 1729 αἰτίαν.
944 1670 1071 1745 Ἔγραψε

57 1742 184 1812 Κικέρων
213 1744 348 1815 ἐγκώμιον
373 1743 506 1808 Κάτωνος
533 1745 622 1815 όνομα
645 1750 682 1818 τῷ
705 1743 776 1818 λόγῳ
793 1743 919 1814 θέμενος
937 1745 1069 1807 Κάτωνα·

56 1817 105 1869 καί
124 1819 235 1878 πολλοῖς
257 1816 272 1870 ὁ
296 1813 376 1886 λόγος
394 1809 430 1884 ην
449 1816 496 1870 διὰ
516 1819 652 1887 σπουδῆς,
676 1817 712 1879 ὡς
732 1813 819 1884 είκός,
838 1817 893 1871 ὑπὸ
911 1826 961 1871 τοῦ
980 1821 1071 1873 θεινο-

56 1885 142 1940 τάτου
168 1896 224 1940 τῶν
252 1883 376 1957 ρητόρων
405 1887 444 1950 είς
470 1887 522 1957 τὴν
545 1886 693 1956 καλλίστην
715 1884 901 1957 πεποιημένος
924 1888 1070 1944 ὑπόθεσιν.

61 1963 150 2011 Τοῦτο
183 1954 250 2026 ἠνία
278 1955 407 2025 Καίσαρα
439 1957 610 2048 κατηγορίαν
643 1960 729 2012 αὑτοῦ
761 1957 910 2027 νομίζοντα
941 1960 991 2015 τόν
1022 1970 1071 2015 τοῦ

55 2025 227 2096 τεθνηκότος
245 2026 283 2082 δι’
297 2029 383 2082 αὐτὸν
403 2028 527 2083 ἔπαινον.
565 2033 700 2099 Εγραψεν
719 2026 770 2083 οὖν
788 2029 891 2093 πολλάς
907 2050 987 2094 τινας
1000 2032 1072 2085 κατὰ

56 2108 107 2153 τοῦ
131 2098 264 2161 Κάτωνος
286 2097 379 2162 αἰτίας
402 2102 579 2170 συναγαγών·
603 2100 634 2154 τὸ
659 2099 690 2153 δὲ
709 2098 817 2171 βιβλίον
831 2099 995 2157 Ἀντικάτων
1014 2102 1073 2156 ἐπι-

57 2169 219 2241 γέγραπται.
257 2171 313 2224 Καὶ
337 2169 512 2233 σπουδαστάς
531 2170 585 2242 έχει
603 2181 659 2225 τῶν
677 2168 767 2240 λόγων
786 2169 915 2240 ἑκάτερος
933 2171 982 2226 διὰ
1001 2171 1071 2227 Καί-

58 2259 130 2310 σαρα
149 2243 198 2295 καλ
216 2240 338 2295 Κάτωνα
356 2241 481 2304 πολλούς.

130 2313 185 2367 Cic.
209 2313 246 2366 acl
272 2312 354 2367 Attic.
379 2313 474 2381 XIII,
493 2317 542 2380 50,
562 2319 586 2366 1.
632 2312 799 2367 Admonitus
826 2314 988 2381 aaibasclam
1015 2316 1072 2370 tais

55 2385 165 2452 litteris,
193 2391 226 2438 at
249 2385 287 2437 acl
311 2383 452 2438 Gaesarem
478 2385 614 2438 aberiares
641 2385 746 2438 litteras
770 2384 873 2439 mittere
894 2385 1070 2454 instituerem,

56 2473 141 2524 qaam
164 2456 231 2509 milii
254 2455 362 2509 Balbas
384 2472 472 2524 aaper
494 2456 526 2508 iri
548 2455 698 2509 Lareariria
721 2456 834 2509 elisisset
856 2472 883 2510 se
906 2463 931 2510 et
953 2455 1072 2524 Oppiam

53 2528 194 2595 scripsisse
221 2527 259 2580 aa
287 2526 428 2580 Caesarem
459 2544 499 2581 rie
531 2527 623 2597 leqisse
653 2527 736 2580 libros
767 2533 863 2580 caatra
891 2526 1019 2581 Catariere
1047 2535 1072 2583 et

55 2600 219 2724 rgeliemeater
245 2599 388 2666 probasse,
420 2599 568 2666 cariscripsi
599 2598 632 2651 cle
663 2598 700 2651 iis
729 2598 797 2665 ipsis
825 2598 903 2652 libris
930 2599 1072 2667 epistolari
1139 2625 1141 2627 ·

80 2687 178 2724 acsarr.

129 2741 183 2795 Oic.
203 2741 241 2794 aa
258 2741 341 2795 Attic.
361 2740 452 2808 XIII,
471 2743 516 2806 51,
536 2745 560 2793 1.
592 2739 644 2792 'Aa
664 2738 806 2793 Caesarem
829 2756 911 2808 qaam
935 2740 998 2792 arisi
1015 2741 1071 2808 epi-

54 2813 166 2878 stolari,
188 2813 247 2866 cias
269 2812 419 2879 exemplam
441 2812 515 2882 facit
537 2828 578 2865 rae
599 2817 658 2864 tara
680 2811 731 2865 tibi
753 2811 869 2877 mittere,
892 2827 940 2864 aec
958 2810 989 2864 ia
1006 2812 1071 2877 fait,

56 2884 129 2951 quael
151 2884 314 2952 suspicaris,
331 2890 363 2936 at
380 2899 421 2936 me
434 2883 550 2951 puderet
568 2883 623 2946 tai,
645 2899 679 2935 ac
697 2882 813 2936 ridicule
831 2882 849 2951 †
867 2881 1001 2947 micillas,
1023 2899 1072 2936 aec

57 2954 201 3007 rahercale
223 2955 320 3022 scripsi
343 2955 436 3019 alitcr,
464 2971 497 3008 ac
518 2954 544 3008 si
566 2952 636 3020 πρὸς
659 2951 720 3006 ἴσον
744 2949 893 3022 όμοιόνηκτ
915 2953 1070 3007 scriberem:

56 3025 122 3079 beree
144 3025 216 3078 caim
233 3026 355 3080 eaistimo
374 3025 406 3079 de
424 3024 481 3079 illis
500 3025 590 3090 libris,
613 3030 645 3079 at
662 3025 714 3077 tibi
731 3040 837 3089 caram;
863 3025 955 3092 itaqae
973 3026 1072 3093 scripsi

55 3101 83 3150 ct
105 3094 295 3157 ἀκολακεότως
317 3103 341 3151 et
363 3103 454 3150 tamea
475 3096 528 3161 sic,
550 3102 582 3149 at
604 3095 676 3148 ailil
694 3112 755 3149 eam
772 3095 920 3149 eaistiaieri
939 3096 1070 3151 lecturam

57 3167 194 3221 liberitias.

131 3237 185 3291 Cic.
212 3237 302 3305 Tapic.
325 3242 372 3304 25,
395 3242 438 3292 94.
477 3237 546 3291 Oam
572 3237 680 3306 aliqaid
707 3236 739 3290 cle
766 3237 897 3303 atilitatc,
925 3237 1071 3303 lmwstatc,

58 3309 193 3377 aeqaitate
220 3309 362 3363 disseritrr
384 3310 468 3378 σίνηαι
489 3309 526 3363 iis
548 3309 640 3373 releas,
665 3325 734 3376 qaae
756 3308 799 3362 leis
820 3315 885 3362 sarit
907 3310 1070 3373 contrariae,

58 3381 206 3434 incarraat
224 3385 311 3434 statas
329 3387 379 3435 aat
396 3381 468 3434 iaris
485 3387 535 3434 aat
553 3379 685 3445 acmiais,
708 3379 781 3448 qaod
798 3379 870 3433 idem
888 3380 1021 3449 coatiaqit
1039 3380 1071 3432 iri

59 3451 272 3504 laudationibus.
314 3451 390 3505 Nam
417 3458 467 3506 aat
493 3451 590 3521 aeaari
613 3456 702 3518 potest
724 3451 754 3503 ta
778 3450 971 3517 scaturiisse,
999 3451 1071 3518 ηκοιί

58 3522 194 3586 lauditia,
217 3528 266 3575 aat
288 3537 344 3575 νιοκ
366 3537 395 3575 το
418 3523 526 3576 nomiae
549 3521 744 3587 alliciendam,
768 3538 820 3589 qao
843 3523 972 3575 laadator
994 3521 1069 3587 aelfe-

57 3594 137 3658 cerit,
161 3599 210 3646 aat
228 3593 338 3647 οωκίκο
355 3608 412 3648 aaa
430 3610 483 3648 esse
502 3593 654 3658 laudabile,
672 3594 744 3660 qaod
762 3608 818 3646 κου
836 3600 917 3658 reete,
937 3608 993 3646 κου
1011 3593 1071 3645 irre
