2414 3968
121 212 162 273 14
388 209 536 263 BELLUM
555 209 860 264 ALEXANDRINUM.

117 354 224 420 locum
247 355 412 438 tenebant,
440 354 610 419 tormentis
633 376 673 419 ex
701 354 838 418 navibus
861 350 1059 438 sagittisque
1082 354 1133 419 de

117 452 244 536 pulerat
257 457 353 536 atque
371 453 406 516 in
420 452 574 535 oppidum
592 451 760 536 redegerat
778 455 811 516 et
829 450 1014 515 cohortium
1031 451 1132 515 trium

117 550 219 613 instar
240 550 275 614 in
297 554 417 615 terram
440 552 632 632 exposuerat
654 585 698 594 —
721 570 786 613 non
812 549 897 614 enim
922 547 1036 631 plures
1059 569 1132 612 con·

117 647 230 712 sistere
258 647 427 731 angustiae
454 646 516 711 loci
543 646 749 729 patiebantur
767 669 826 729 -3
852 644 996 728 reliquae
1019 646 1131 729 copiae

81 744 151 807 rin
173 744 309 809 navibus
338 742 511 807 stationem
534 742 730 807 obtinebant.
777 740 848 818 Quo
875 741 961 806 facto
990 742 1131 826 imperat

116 845 248 924 pontem
267 841 420 904 adversus
441 839 569 904 hostem
591 839 781 924 praevallari
800 843 843 923 et,
865 861 930 924 qua
948 839 1060 904 exitus
1078 862 1130 904 na·

116 938 210 1001 vibus
238 940 307 1001 erat
333 937 456 1001 fornice
484 941 661 1020 exstructo,
694 957 757 1020 quo
788 957 869 1020 pons
897 936 1129 1022 sustinebatur,

82 1049 98 1097 5
116 1033 279 1117 lapidibus
298 1032 422 1116 oppleri
445 1037 540 1118 atque
559 1034 692 1098 obstrui.
739 1032 883 1110 Quorum
905 1032 1007 1097 altero
1032 1056 1129 1118 opere

117 1131 244 1213 effecto,
272 1134 309 1193 ut
331 1129 421 1193 nulla
443 1130 573 1195 omnino
596 1132 715 1215 scapha
738 1131 847 1215 egredi
869 1134 995 1215 posset,
1026 1132 1128 1197 altero

118 1227 267 1291 instituto
295 1249 405 1292 omnes
427 1226 720 1293 Alexandrinorum
742 1229 852 1311 copiae
875 1250 915 1292 ex
942 1228 1066 1312 oppido
1095 1252 1128 1295 sc

118 1324 278 1388 eiecerunt
296 1327 329 1387 et
348 1328 459 1389 contra
476 1325 673 1390 munitiones
692 1326 803 1409 pontis
825 1324 940 1389 latiore
962 1323 1037 1391 loco
1057 1348 1128 1392 oon·

117 1421 283 1506 stiterunt,
316 1421 490 1506 eodemque
522 1427 666 1506 tempore
700 1445 782 1508 quae
814 1427 1050 1487 consueverant
1076 1446 1126 1487 na

117 1519 204 1604 rigia
225 1541 283 1603 per
305 1523 420 1601 pontes
439 1519 480 1582 ad
497 1519 644 1583 incendia
662 1519 879 1585 onerariarum
903 1517 1066 1604 emittere,
1089 1520 1127 1584 ad

82 1616 235 1680 omolem
262 1616 508 1681 constituerunt.
553 1615 764 1701 Pugnabatur
790 1639 809 1680 a
835 1616 930 1679 nobis
958 1637 999 1679 ex
1027 1622 1126 1701 ponte

116 1718 207 1776 etex
229 1712 327 1796 mole,
350 1713 390 1775 ab
413 1711 479 1776 illis
503 1735 543 1776 ex
566 1735 651 1797 area,
675 1735 756 1796 quae
779 1717 849 1776 erat
872 1712 1027 1777 adversus
1051 1736 1126 1799 pon-

117 1812 193 1892 tem,
215 1812 248 1874 et
270 1830 310 1872 ex
332 1809 469 1873 navibus
492 1814 604 1874 contra
625 1811 750 1875 molem.

83 1922 97 1969 1
183 1905 253 1970 XX.
297 1903 337 1969 In
371 1905 424 1970 his
455 1907 551 1971 rebus
585 1912 738 1990 occupato
772 1906 904 1971 Caesare
940 1906 1126 1993 militesque

116 2003 265 2068 hortante
293 2001 452 2087 remigum
480 2024 617 2088 magnus
644 2027 797 2069 numerus
824 2008 857 2070 et
887 2003 1126 2071 classiariorum

82 2117 157 2165 aex
184 2100 290 2184 longis
317 2100 452 2164 navibus
480 2102 599 2165 nostris
627 2102 661 2165 in
687 2102 805 2166 molem
835 2124 869 2166 se
897 2101 1000 2167 eiecit
1046 2102 1126 2169 Pars

116 2219 227 2263 eorum
254 2197 361 2262 studio
389 2198 555 2281 spectandi
581 2199 756 2283 ferebatur,
783 2221 858 2282 pars
881 2198 979 2264 etiam
1004 2202 1126 2284 cupidi-

115 2300 181 2360 tate
204 2295 378 2380 pugnandi.
423 2294 469 2360 Hi
490 2296 632 2379 primum
649 2297 779 2381 navigia
796 2296 940 2361 hostium
961 2295 1126 2379 lapidibus

116 2415 152 2458 ac
169 2392 278 2457 fundis
298 2415 317 2455 a
334 2392 419 2458 mole
436 2393 635 2476 repellebant
655 2416 691 2469 ac
709 2394 848 2458 multum
870 2393 1027 2477 proficere
1045 2396 1126 2460 mul-

80 2506 96 2552 3
115 2490 253 2555 titudine
271 2489 411 2555 telorum
428 2490 627 2555 videbantur.
674 2489 737 2555 sed
754 2494 926 2574 postquam
945 2489 1034 2554 ultra
1051 2515 1126 2557 eum

113 2586 220 2652 locum
243 2586 283 2650 ab
306 2586 406 2649 latere
429 2608 539 2650 eorum
564 2591 674 2670 aperto
697 2588 768 2651 ausi
790 2591 866 2652 sunt
884 2588 994 2672 egredi
1013 2610 1057 2654 ex
1072 2613 1126 2655 na-

114 2685 209 2747 vibus
226 2681 439 2749 Alexandrini
461 2685 565 2767 pauci,
587 2688 625 2748 ut
647 2685 716 2749 sine
739 2685 842 2770 signis
860 2684 1023 2768 certisque
1042 2687 1126 2753 ordi-

115 2781 210 2843 nibus
225 2781 307 2864 [sine
320 2779 460 2864 ratione]
474 2781 668 2866 prodierant,
686 2783 733 2847 sic
746 2786 865 2847 temere
880 2782 914 2846 in
927 2804 1027 2849 naves
1041 2785 1127 2850 refu·

80 2893 97 2938 4
116 2897 190 2960 gere
200 2880 380 2961 coeperunt.
405 2875 549 2953 Quorum
562 2877 641 2964 fuga
654 2878 780 2943 incitati
789 2877 1001 2944 Alexandrini
1013 2878 1127 2962 plures

116 2995 155 3037 ex
172 2974 307 3037 navibus
321 2974 567 3059 egrediebantur
584 2980 775 3059 nostrosque
792 2975 1000 3059 perturbatos
1018 2977 1127 3043 acrius

116 3071 372 3154 insequebantur.
419 3069 536 3156 Simul,
567 3074 623 3157 qui
649 3074 684 3138 in
711 3073 847 3138 navibus
869 3071 977 3157 longis
999 3094 1127 3141 reman-

115 3170 231 3250 serant,
254 3168 355 3232 scalas
373 3191 484 3253 rapere
497 3191 657 3254 navesque
672 3192 691 3232 a
704 3173 791 3234 terra
803 3168 958 3252 repellere
971 3190 1127 3255 propera

80 3263 205 3348 ebant,
232 3286 272 3328 ne
294 3264 404 3330 hostes
426 3268 573 3331 navibus
587 3267 776 3351 potirentur.
822 3266 947 3344 Quibus
970 3268 1127 3335 omnibus

114 3360 208 3424 rebus
231 3362 410 3444 perturbati
431 3364 552 3429 milites
576 3364 679 3428 nostri
703 3365 884 3430 cohortium
906 3363 1017 3449 trium,
1041 3388 1128 3452 quae

114 3457 148 3520 in
179 3463 277 3541 ponte
309 3479 346 3522 ac
376 3460 481 3543 prima
510 3461 595 3525 mole
625 3462 847 3546 constiterant,
880 3483 952 3526 cum
981 3467 1061 3546 post
1091 3487 1129 3531 se

114 3553 285 3621 clamorem
304 3557 499 3642 exaudirent,
517 3559 629 3642 fugam
648 3580 779 3623 suorum
797 3559 952 3642 viderent,
969 3580 1128 3647 magnam
