2414 3968
143 189 186 252 32
412 186 559 241 BELLUM
577 185 881 241 ALEXANDRINUM.

144 332 292 397 credebat
310 330 487 396 Octavium.
509 330 591 395 Erat
613 331 647 395 in
665 352 703 395 ea
726 331 967 395 nobilissimum
985 329 1157 415 regionum

108 446 126 492 4
145 450 253 494 earum
276 428 430 515 oppidum
453 428 815 511 coniunctissimumque
839 425 984 491 Octavio.
1024 425 1099 502 Quo
1120 430 1157 490 ut

143 527 244 611 venit,
267 526 420 611 oppidani
442 526 602 610 supplices
626 546 659 588 se
682 523 815 588 Vatinio
838 522 1046 607 dediderunt,
1073 545 1155 589 com·

143 625 290 708 peritque
326 625 433 707 ipsum
465 621 633 687 Octavium
664 621 773 706 parvis
804 620 981 705 paucisque
1015 620 1155 706 navigiis

143 725 239 785 vento
262 720 400 785 secundo
428 720 592 803 regionem
612 717 762 782 Graeciae
784 718 917 801 petisse,
948 716 1024 782 inde
1047 721 1087 782 ut
1110 715 1154 782 si-

109 817 265 902 ccidam,
298 816 411 881 deinde
438 814 581 880 Africam
609 819 744 900 caperet.
790 812 841 879 Ita
867 814 959 879 brevi
986 815 1096 898 spatio
1122 836 1155 879 re

144 914 397 999 praeclarissime
434 917 524 998 gesta
559 913 725 996 provincia
757 916 885 996 recepto
916 916 949 975 et
981 909 1154 977 Oomificio

145 1012 278 1094 reddita,
301 1011 402 1075 classe
425 1009 678 1074 adversariorum
697 1031 737 1073 ex
759 1009 815 1074 illo
834 1012 905 1073 toto
928 1008 1003 1072 sinu
1020 1008 1155 1093 expulsa

145 1109 249 1172 victor
263 1129 297 1171 se
310 1107 518 1171 Brundisium
535 1107 688 1171 incolumi
701 1107 843 1171 exercitu
858 1111 891 1170 et
904 1105 1006 1170 classe
1023 1105 1154 1189 recepit

112 1224 126 1271 1
212 1203 424 1270 XXXXVIII.
465 1203 510 1269 Iis
534 1208 642 1268 autem
665 1203 873 1287 temporibus,
896 1201 1015 1287 quibus
1039 1201 1154 1267 Caesar

147 1302 187 1365 ad
210 1301 424 1387 Dyrrachium
448 1301 638 1386 Pompeium
660 1300 827 1365 obsidebat
855 1302 888 1364 et
914 1298 1154 1383 Palaepharsali

145 1422 213 1464 rem
249 1400 385 1465 feliciter
422 1401 554 1484 gerebat
586 1397 862 1480 Alexandriaeque
898 1418 972 1461 cum
1009 1396 1153 1481 periculo

146 1519 273 1582 magno,
295 1503 365 1561 tum
389 1496 485 1560 etiam
507 1496 628 1560 maiore
649 1495 786 1578 periculi
807 1495 894 1559 fama
911 1494 1097 1580 dimicabat,
1118 1493 1153 1570 Q.

147 1593 276 1659 Cassius
295 1593 470 1678 Longinus,
492 1593 526 1656 in
544 1592 702 1677 Hispania
719 1614 778 1676 pro
800 1596 946 1676 praetore
969 1592 1153 1676 provinciae

147 1691 310 1755 ulterioris
334 1690 523 1754 obtinendae
547 1711 642 1753 causa
663 1689 810 1772 relictus,
832 1689 900 1753 sive
923 1689 1153 1754 consuetudine

147 1791 280 1852 naturae
303 1809 378 1850 suae
402 1787 468 1850 sive
487 1786 569 1869 odio,
592 1787 677 1870 quod
700 1787 734 1849 in
756 1786 846 1850 illam
868 1786 1069 1869 provinciam
1088 1807 1153 1851 sus·

148 1889 275 1969 ceperat
307 1886 457 1967 quaestor
488 1905 527 1947 ex
558 1883 683 1946 insidiis
713 1884 759 1947 ibi
788 1883 987 1966 vulneratus,
1019 1904 1153 1969 magnas

149 1982 215 2046 odii
241 1981 292 2045 sui
319 1979 438 2044 fecerat
464 1980 673 2063 accessioneS,
700 1981 786 2065 qnod
812 1978 864 2044 vel
892 2002 931 2044 ex
958 1980 1155 2046 conscientie

148 2100 215 2161 sua,
238 2099 310 2142 cum
330 2077 368 2140 de
386 2099 420 2141 se
438 2080 551 2141 mutuo
570 2077 688 2141 sentire
709 2077 909 2163 provinciam
928 2076 1082 2163 crederet,
1104 2077 1154 2143 rel

147 2175 259 2241 multis
283 2175 384 2259 signis
404 2178 436 2239 et
453 2174 647 2239 testimoniis
665 2197 785 2259 eorum,
808 2174 864 2258 qui
888 2173 1064 2238 difficulter
1082 2174 1154 2240 odis

147 2272 360 2355 dissimulant,
383 2271 525 2335 animum
547 2271 710 2337 advertere
732 2274 869 2355 poterat,
891 2274 924 2335 et
946 2292 1153 2355 compensare

112 2389 128 2436 2
147 2369 355 2437 offensionem
378 2368 560 2452 provinciae
584 2369 742 2434 exercitus
766 2390 874 2432 amore
897 2367 1055 2451 cupiebat
1093 2368 1153 2435 Ita·

147 2491 209 2555 que
232 2467 467 2551 cumprimum
491 2466 524 2529 in
547 2487 647 2529 unum
672 2466 778 2530 locum
797 2465 972 2530 exercitum
990 2467 1154 2550 conduxit,

147 2566 311 2632 sestertios
335 2567 485 2628 centenos
506 2564 664 2627 militibus
688 2567 737 2628 est
763 2563 941 2646 pollicitus,
968 2583 1028 2626 nec
1050 2564 1153 2628 multo

146 2668 221 2748 post
234 2684 307 2726 cum
322 2661 355 2725 in
368 2659 537 2723 Lusitania
545 2659 765 2744 Medobrigam
780 2660 932 2744 oppidum
946 2663 1153 2747 montemque

146 2759 351 2824 Herminium
361 2761 584 2842 expugnasset,
592 2779 655 2841 quo
665 2756 925 2840 Medobrigenses
934 2755 1154 2843 confugerant,

148 2857 257 2938 ibique
289 2856 462 2938 imperator
494 2859 579 2918 esset
611 2853 789 2938 appellatus
822 2853 978 2918 sestertiis
1010 2855 1154 2920 centenis

112 2951 267 3016 umilites
297 2952 435 3016 donarit.
480 2949 585 3015 Multa
610 2955 775 3035 praeterea
805 2955 837 3015 et
866 2971 983 3034 magna
1010 2953 1156 3035 praemia

150 3046 286 3132 singulis
314 3047 518 3131 concedebat3
550 3071 631 3132 quae
659 3049 838 3134 speciosum
865 3047 1041 3112 reddebant
1064 3071 1155 3134 prae

149 3149 272 3209 sentem
299 3144 456 3209 exercitus
480 3167 634 3231 amorem,
660 3145 816 3231 paulatim
839 3149 946 3208 tamen
968 3147 1002 3208 et
1028 3146 1155 3212 occulte

148 3241 321 3304 militarem
344 3241 544 3325 disciplinam
567 3244 833 3326 severitatemque
855 3240 1053 3305 minuebant.

114 3355 128 3402 1
213 3335 442 3402 XXXXVIIII.
465 3337 592 3404 Cassius
610 3339 792 3423 legionibus
809 3339 844 3403 in
866 3338 1001 3402 hiberna
1019 3338 1156 3423 disposi-

148 3435 191 3499 tis
214 3435 327 3499 adius
350 3435 517 3500 dicendum
536 3434 717 3500 Cordubam
740 3459 774 3501 se
796 3437 917 3520 recapit
940 3439 1156 3502 contractum·

148 3552 210 3614 que
232 3533 267 3596 in
286 3554 323 3596 ea
341 3553 394 3596 aes
415 3532 554 3597 alienum
577 3533 776 3618 gravissimis
796 3534 946 3598 oneribus
967 3533 1157 3618 provinciae
