<?xml version="1.0" encoding="UTF-8"?>
<!DOCTYPE html PUBLIC "-//W3C//DTD XHTML 1.0 Transitional//EN"
    "http://www.w3.org/TR/xhtml1/DTD/xhtml1-transitional.dtd">
<html xmlns="http://www.w3.org/1999/xhtml" xml:lang="en" lang="en">
 <head>
  <title>
</title>
<meta http-equiv="Content-Type" content="text/html;charset=utf-8" />
  <meta name='ocr-system' content='tesseract 3.04.00' />
  <meta name='ocr-capabilities' content='ocr_page ocr_carea ocr_par ocr_line ocrx_word'/>
</head>
<body>
  <div class='ocr_page' id='page_1' title='image "./commentariicuma00wlgoog_0217.png"; bbox 0 0 2414 3968; ppageno 0'>
   <div class='ocr_carea' id='block_1_1' title="bbox 140 171 934 235">
    <p class='ocr_par' dir='ltr' id='par_1_1' title="bbox 140 171 934 235">
     <span class='ocr_line' id='line_1_1' title="bbox 140 171 934 235; baseline -0.013 0"><span class='ocrx_word' id='word_1_1' title='bbox 140 172 203 235; x_wconf 88' lang='grc'><strong><em>146</em></strong></span> <span class='ocrx_word' id='word_1_2' title='bbox 355 171 384 227; x_wconf 82' lang='lat' dir='ltr'><strong><em>C.</em></strong></span> <span class='ocrx_word' id='word_1_3' title='bbox 402 171 489 226; x_wconf 86' lang='lat' dir='ltr'>IULII</span> <span class='ocrx_word' id='word_1_4' title='bbox 507 171 679 226; x_wconf 82' lang='lat' dir='ltr'>CAESARIS</span> <span class='ocrx_word' id='word_1_5' title='bbox 698 171 934 226; x_wconf 79' lang='lat' dir='ltr'>FRAGMENTA.</span> 
     </span>
    </p>
   </div>
   <div class='ocr_carea' id='block_1_2' title="bbox 135 311 1153 954">
    <p class='ocr_par' dir='ltr' id='par_1_2' title="bbox 135 311 1153 581">
     <span class='ocr_line' id='line_1_2' title="bbox 208 311 1153 385; baseline 0.001 -18"><span class='ocrx_word' id='word_1_6' title='bbox 208 315 282 368; x_wconf 83' lang='lat' dir='ltr'><em>Plut.</em></span> <span class='ocrx_word' id='word_1_7' title='bbox 304 314 378 368; x_wconf 78' lang='lat' dir='ltr'><em>Caes.</em></span> <span class='ocrx_word' id='word_1_8' title='bbox 399 318 423 367; x_wconf 88' lang='lat'><strong><em>3.</em></strong></span> <span class='ocrx_word' id='word_1_9' title='bbox 458 312 508 369; x_wconf 88' lang='grc' dir='ltr'><strong><em>Ἐν</em></strong></span> <span class='ocrx_word' id='word_1_10' title='bbox 531 323 564 385; x_wconf 89' lang='grc' dir='ltr'><strong><em>τῆ</em></strong></span> <span class='ocrx_word' id='word_1_11' title='bbox 584 314 655 382; x_wconf 86' lang='grc' dir='ltr'><strong><em>πρὸς</em></strong></span> <span class='ocrx_word' id='word_1_12' title='bbox 674 313 819 382; x_wconf 79' lang='grc' dir='ltr'><strong><em>Κικέρωνα</em></strong></span> <span class='ocrx_word' id='word_1_13' title='bbox 837 315 902 381; x_wconf 80' lang='grc' dir='ltr'><strong><em>περὶ</em></strong></span> <span class='ocrx_word' id='word_1_14' title='bbox 921 311 1060 376; x_wconf 78' lang='grc' dir='ltr'><em>Κάτωνος</em></span> <span class='ocrx_word' id='word_1_15' title='bbox 1079 315 1153 370; x_wconf 86' lang='grc' dir='ltr'><strong><em>ἀντι-</em></strong></span> 
     </span>
     <span class='ocr_line' id='line_1_3' title="bbox 137 383 1153 456; baseline 0.002 -18"><span class='ocrx_word' id='word_1_16' title='bbox 137 393 231 456; x_wconf 86' lang='grc' dir='ltr'><strong><em>γραφῆ</em></strong></span> <span class='ocrx_word' id='word_1_17' title='bbox 254 395 430 453; x_wconf 85' lang='grc' dir='ltr'><strong><em>παραιτεῖται</em></strong></span> <span class='ocrx_word' id='word_1_18' title='bbox 454 385 490 454; x_wconf 83' lang='grc' dir='ltr'><strong><em>μή</em></strong></span> <span class='ocrx_word' id='word_1_19' title='bbox 514 394 710 453; x_wconf 78' lang='grc' dir='ltr'><strong><em>στρατιωτικοῦ</em></strong></span> <span class='ocrx_word' id='word_1_20' title='bbox 733 383 816 455; x_wconf 90' lang='grc' dir='ltr'><strong><em>λόγου</em></strong></span> <span class='ocrx_word' id='word_1_21' title='bbox 837 385 942 452; x_wconf 85' lang='grc' dir='ltr'><strong><em>ἀνδρὸς</em></strong></span> <span class='ocrx_word' id='word_1_22' title='bbox 960 385 1153 452; x_wconf 77' lang='grc' dir='ltr'><strong><em>ἀντεξετάζειν</em></strong></span> 
     </span>
     <span class='ocr_line' id='line_1_4' title="bbox 135 453 1151 581; baseline 0.001 -71"><span class='ocrx_word' id='word_1_23' title='bbox 135 457 206 581; x_wconf 60' lang='grc' dir='ltr'><strong><em>Ξρὸς</em></strong></span> <span class='ocrx_word' id='word_1_24' title='bbox 228 453 374 526; x_wconf 80' lang='grc' dir='ltr'><strong><em>δεινότητα</em></strong></span> <span class='ocrx_word' id='word_1_25' title='bbox 398 453 514 525; x_wconf 78' lang='grc' dir='ltr'><strong><em>(ίήτορος</em></strong></span> <span class='ocrx_word' id='word_1_26' title='bbox 536 457 658 525; x_wconf 80' lang='grc' dir='ltr'><strong><em>εὐφυοῦς</em></strong></span> <span class='ocrx_word' id='word_1_27' title='bbox 682 458 730 511; x_wconf 87' lang='grc' dir='ltr'><strong><em>καλ</em></strong></span> <span class='ocrx_word' id='word_1_28' title='bbox 753 456 852 527; x_wconf 86' lang='grc' dir='ltr'><strong><em>σχολήν</em></strong></span> <span class='ocrx_word' id='word_1_29' title='bbox 876 456 1025 512; x_wconf 80' lang='grc' dir='ltr'><strong><em>ἐπὶτοῦτο</em></strong></span> <span class='ocrx_word' id='word_1_30' title='bbox 1048 457 1151 526; x_wconf 85' lang='grc' dir='ltr'><strong><em>πολλὴν</em></strong></span> 
     </span>
    </p>

    <p class='ocr_par' dir='ltr' id='par_1_3' title="bbox 174 548 261 590">
     <span class='ocr_line' id='line_1_5' title="bbox 174 548 261 590; baseline 0 -8"><span class='ocrx_word' id='word_1_31' title='bbox 174 548 261 590; x_wconf 93' lang='grc' dir='ltr'><strong><em>οντος.</em></strong></span> 
     </span>
    </p>

    <p class='ocr_par' dir='ltr' id='par_1_4' title="bbox 135 550 1152 954">
     <span class='ocr_line' id='line_1_6' title="bbox 156 550 1152 668; baseline 0 -16"><span class='ocrx_word' id='word_1_32' title='bbox 156 550 172 598; x_wconf 62' lang='lat' dir='ltr'><em>y</em></span> <span class='ocrx_word' id='word_1_33' title='bbox 207 601 282 654; x_wconf 90' lang='lat' dir='ltr'><em>Plut.</em></span> <span class='ocrx_word' id='word_1_34' title='bbox 303 598 357 653; x_wconf 74' lang='lat' dir='ltr'><strong><em>oie.</em></strong></span> <span class='ocrx_word' id='word_1_35' title='bbox 377 602 421 652; x_wconf 89' lang='lat'><strong><em>39.</em></strong></span> <span class='ocrx_word' id='word_1_36' title='bbox 456 597 506 652; x_wconf 86' lang='grc' dir='ltr'><strong><em>Ἐκ</em></strong></span> <span class='ocrx_word' id='word_1_37' title='bbox 529 597 560 652; x_wconf 81' lang='grc' dir='ltr'><strong><em>δέ</em></strong></span> <span class='ocrx_word' id='word_1_38' title='bbox 584 599 683 652; x_wconf 83' lang='grc' dir='ltr'><strong><em>τοῦτου</em></strong></span> <span class='ocrx_word' id='word_1_39' title='bbox 707 597 820 652; x_wconf 75' lang='grc' dir='ltr'><strong><em>διετέλει</em></strong></span> <span class='ocrx_word' id='word_1_40' title='bbox 839 608 925 668; x_wconf 84' lang='grc' dir='ltr'><strong><em>τιμῶν</em></strong></span> <span class='ocrx_word' id='word_1_41' title='bbox 943 599 993 652; x_wconf 85' lang='grc' dir='ltr'><strong><em>καλ</em></strong></span> <span class='ocrx_word' id='word_1_42' title='bbox 1012 601 1152 667; x_wconf 88' lang='grc' dir='ltr'><strong><em>φιλοφρο-</em></strong></span> 
     </span>
     <span class='ocr_line' id='line_1_7' title="bbox 135 667 1151 740; baseline -0.002 -15"><span class='ocrx_word' id='word_1_43' title='bbox 135 670 278 738; x_wconf 81' lang='grc' dir='ltr'><strong><em>νούμενος,</em></strong></span> <span class='ocrx_word' id='word_1_44' title='bbox 297 669 365 724; x_wconf 75' lang='grc' dir='ltr'><strong><em>ὥστε</em></strong></span> <span class='ocrx_word' id='word_1_45' title='bbox 383 671 431 724; x_wconf 89' lang='grc' dir='ltr'><strong><em>καί</em></strong></span> <span class='ocrx_word' id='word_1_46' title='bbox 450 668 591 740; x_wconf 75' lang='grc' dir='ltr'><strong><em>γράψαντι</em></strong></span> <span class='ocrx_word' id='word_1_47' title='bbox 609 667 692 739; x_wconf 91' lang='grc' dir='ltr'><strong><em>λόγον</em></strong></span> <span class='ocrx_word' id='word_1_48' title='bbox 712 670 848 740; x_wconf 82' lang='grc' dir='ltr'><strong><em>ἐγκώμιον</em></strong></span> <span class='ocrx_word' id='word_1_49' title='bbox 864 669 1000 732; x_wconf 80' lang='grc' dir='ltr'><strong><em>Κάτωνος</em></strong></span> <span class='ocrx_word' id='word_1_50' title='bbox 1017 669 1151 740; x_wconf 90' lang='grc' dir='ltr'><strong><em>ἀντιγρά-</em></strong></span> 
     </span>
     <span class='ocr_line' id='line_1_8' title="bbox 136 738 1152 813; baseline 0.001 -18"><span class='ocrx_word' id='word_1_51' title='bbox 136 761 198 809; x_wconf 90' lang='grc' dir='ltr'><strong><em>φων</em></strong></span> <span class='ocrx_word' id='word_1_52' title='bbox 216 739 265 796; x_wconf 93' lang='grc' dir='ltr'><strong><em>τόν</em></strong></span> <span class='ocrx_word' id='word_1_53' title='bbox 284 760 312 795; x_wconf 92' lang='grc' dir='ltr'><strong><em>τε</em></strong></span> <span class='ocrx_word' id='word_1_54' title='bbox 330 738 414 811; x_wconf 90' lang='grc' dir='ltr'><strong><em>λόγον</em></strong></span> <span class='ocrx_word' id='word_1_55' title='bbox 432 742 519 795; x_wconf 75' lang='grc' dir='ltr'><strong><em>αὐτοῦ</em></strong></span> <span class='ocrx_word' id='word_1_56' title='bbox 537 742 585 795; x_wconf 88' lang='grc' dir='ltr'><strong><em>καί</em></strong></span> <span class='ocrx_word' id='word_1_57' title='bbox 603 741 653 796; x_wconf 84' lang='grc' dir='ltr'><strong><em>τὸν</em></strong></span> <span class='ocrx_word' id='word_1_58' title='bbox 670 739 733 812; x_wconf 92' lang='grc' dir='ltr'><strong><em>βίον</em></strong></span> <span class='ocrx_word' id='word_1_59' title='bbox 748 741 784 803; x_wconf 85' lang='grc' dir='ltr'><strong><em>ῶς</em></strong></span> <span class='ocrx_word' id='word_1_60' title='bbox 797 739 913 809; x_wconf 89' lang='grc' dir='ltr'><strong><em>μάλιστα</em></strong></span> <span class='ocrx_word' id='word_1_61' title='bbox 928 745 966 813; x_wconf 76' lang='grc' dir='ltr'><strong><em>τῷ</em></strong></span> <span class='ocrx_word' id='word_1_62' title='bbox 981 739 1152 809; x_wconf 86' lang='grc' dir='ltr'><strong><em>Περικλέους</em></strong></span> 
     </span>
     <span class='ocr_line' id='line_1_9' title="bbox 135 809 1151 883; baseline 0.001 -17"><span class='ocrx_word' id='word_1_63' title='bbox 135 810 246 866; x_wconf 80' lang='grc' dir='ltr'><strong><em>ἐοικότα</em></strong></span> <span class='ocrx_word' id='word_1_64' title='bbox 264 813 312 866; x_wconf 90' lang='grc' dir='ltr'><strong><em>καλ</em></strong></span> <span class='ocrx_word' id='word_1_65' title='bbox 333 809 515 880; x_wconf 78' lang='grc' dir='ltr'><strong><em>Θηραμένους</em></strong></span> <span class='ocrx_word' id='word_1_66' title='bbox 533 811 666 866; x_wconf 85' lang='grc' dir='ltr'><strong><em>ἐπαινεῖν.</em></strong></span> <span class='ocrx_word' id='word_1_67' title='bbox 700 811 731 867; x_wconf 91' lang='grc' dir='ltr'><strong><em>Ὁ</em></strong></span> <span class='ocrx_word' id='word_1_68' title='bbox 749 811 800 881; x_wconf 77' lang='grc' dir='ltr'><strong><em>μὲν</em></strong></span> <span class='ocrx_word' id='word_1_69' title='bbox 819 809 870 866; x_wconf 77' lang='grc' dir='ltr'><strong><em>οὖν</em></strong></span> <span class='ocrx_word' id='word_1_70' title='bbox 889 809 1051 880; x_wconf 85' lang='grc' dir='ltr'><strong><em>Κικέρωνος</em></strong></span> <span class='ocrx_word' id='word_1_71' title='bbox 1070 812 1151 883; x_wconf 88' lang='grc' dir='ltr'><strong><em>λόγος</em></strong></span> 
     </span>
     <span class='ocr_line' id='line_1_10' title="bbox 135 881 898 954; baseline 0 -17"><span class='ocrx_word' id='word_1_72' title='bbox 135 882 245 951; x_wconf 83' lang='grc' dir='ltr'><strong><em>Κάτων,</em></strong></span> <span class='ocrx_word' id='word_1_73' title='bbox 264 883 279 939; x_wconf 88' lang='grc' dir='ltr'><strong><em>δ</em></strong></span> <span class='ocrx_word' id='word_1_74' title='bbox 299 882 331 937; x_wconf 80' lang='grc' dir='ltr'><strong><em>δέ</em></strong></span> <span class='ocrx_word' id='word_1_75' title='bbox 349 881 492 951; x_wconf 90' lang='grc' dir='ltr'><strong><em>Καίσαρος</em></strong></span> <span class='ocrx_word' id='word_1_76' title='bbox 506 881 671 938; x_wconf 89' lang='grc' dir='ltr'><strong><em>Ἀντικάτων</em></strong></span> <span class='ocrx_word' id='word_1_77' title='bbox 690 881 898 954; x_wconf 89' lang='grc' dir='ltr'><strong><em>ἐπιγέγραπται.</em></strong></span> 
     </span>
    </p>
   </div>
   <div class='ocr_carea' id='block_1_3' title="bbox 131 972 1151 1398">
    <p class='ocr_par' dir='ltr' id='par_1_5' title="bbox 131 972 1151 1398">
     <span class='ocr_line' id='line_1_11' title="bbox 206 972 1151 1041; baseline 0.003 -16"><span class='ocrx_word' id='word_1_78' title='bbox 206 973 634 1038; x_wconf 75' lang='lat' dir='ltr'><em>Pua.Nat.Htu.V11,117.</em></span> <span class='ocrx_word' id='word_1_79' title='bbox 672 972 752 1027; x_wconf 75' lang='lat' dir='ltr'><em>Salac</em></span> <span class='ocrx_word' id='word_1_80' title='bbox 772 973 882 1041; x_wconf 74' lang='lat' dir='ltr'><em>primus</em></span> <span class='ocrx_word' id='word_1_81' title='bbox 904 973 1027 1026; x_wconf 79' lang='lat' dir='ltr'><em>ortulum</em></span> <span class='ocrx_word' id='word_1_82' title='bbox 1050 991 1151 1041; x_wconf 76' lang='lat' dir='ltr'><em>pareus</em></span> 
     </span>
     <span class='ocr_line' id='line_1_12' title="bbox 131 1044 1150 1115; baseline 0.001 -19"><span class='ocrx_word' id='word_1_83' title='bbox 131 1045 241 1112; x_wconf 79' lang='lat' dir='ltr'><em>patriae</em></span> <span class='ocrx_word' id='word_1_84' title='bbox 256 1044 390 1112; x_wconf 77' lang='lat' dir='ltr'><em>appellate</em></span> <span class='ocrx_word' id='word_1_85' title='bbox 404 1048 451 1110; x_wconf 80' lang='lat' dir='ltr'><em>(sa.</em></span> <span class='ocrx_word' id='word_1_86' title='bbox 468 1044 583 1111; x_wconf 80' lang='lat' dir='ltr'><em>Cicero),</em></span> <span class='ocrx_word' id='word_1_87' title='bbox 597 1045 706 1112; x_wconf 74' lang='lat' dir='ltr'><em>primus</em></span> <span class='ocrx_word' id='word_1_88' title='bbox 720 1044 751 1097; x_wconf 83' lang='lat' dir='ltr'><strong><em>tu</em></strong></span> <span class='ocrx_word' id='word_1_89' title='bbox 765 1051 828 1115; x_wconf 69' lang='lat' dir='ltr'><em>toqa</em></span> <span class='ocrx_word' id='word_1_90' title='bbox 842 1045 1011 1112; x_wconf 75' lang='lat' dir='ltr'><em>triumphum</em></span> <span class='ocrx_word' id='word_1_91' title='bbox 1025 1044 1150 1115; x_wconf 71' lang='lat' dir='ltr'><em>linquae-</em></span> 
     </span>
     <span class='ocr_line' id='line_1_13' title="bbox 134 1115 1151 1184; baseline 0.004 -18"><span class='ocrx_word' id='word_1_92' title='bbox 134 1131 184 1182; x_wconf 77' lang='grc' dir='ltr'><strong><em>ητα</em></strong></span> <span class='ocrx_word' id='word_1_93' title='bbox 203 1115 326 1168; x_wconf 85' lang='lat' dir='ltr'><em>lauream</em></span> <span class='ocrx_word' id='word_1_94' title='bbox 344 1117 444 1181; x_wconf 82' lang='lat' dir='ltr'><em>merite,</em></span> <span class='ocrx_word' id='word_1_95' title='bbox 462 1122 487 1169; x_wconf 89' lang='lat' dir='ltr'><strong><em>et</em></strong></span> <span class='ocrx_word' id='word_1_96' title='bbox 500 1116 650 1181; x_wconf 69' lang='lat' dir='ltr'><em>fac-trullae</em></span> <span class='ocrx_word' id='word_1_97' title='bbox 663 1115 862 1183; x_wconf 79' lang='lat' dir='ltr'><em>Latiarumque</em></span> <span class='ocrx_word' id='word_1_98' title='bbox 877 1115 1031 1170; x_wconf 83' lang='lat' dir='ltr'><em>litterarum</em></span> <span class='ocrx_word' id='word_1_99' title='bbox 1046 1133 1151 1184; x_wconf 78' lang='lat' dir='ltr'><em>pareus</em></span> 
     </span>
     <span class='ocr_line' id='line_1_14' title="bbox 133 1186 1150 1256; baseline 0.004 -18"><span class='ocrx_word' id='word_1_100' title='bbox 133 1192 227 1254; x_wconf 79' lang='lat' dir='ltr'><em>atque,</em></span> <span class='ocrx_word' id='word_1_101' title='bbox 255 1193 286 1239; x_wconf 95' lang='lat' dir='ltr'><strong><em>ut</em></strong></span> <span class='ocrx_word' id='word_1_102' title='bbox 308 1186 426 1241; x_wconf 81' lang='lat' dir='ltr'><em>dictator</em></span> <span class='ocrx_word' id='word_1_103' title='bbox 450 1186 551 1240; x_wconf 80' lang='lat' dir='ltr'><em>Caesar</em></span> <span class='ocrx_word' id='word_1_104' title='bbox 573 1187 657 1240; x_wconf 72' lang='lat' dir='ltr'><em>tosus</em></span> <span class='ocrx_word' id='word_1_105' title='bbox 680 1187 816 1254; x_wconf 72' lang='lat' dir='ltr'><em>qaaaaa</em></span> <span class='ocrx_word' id='word_1_106' title='bbox 840 1192 905 1240; x_wconf 75' lang='lat' dir='ltr'><em>tuus</em></span> <span class='ocrx_word' id='word_1_107' title='bbox 927 1187 960 1240; x_wconf 80' lang='lat' dir='ltr'><strong><em>da</em></strong></span> <span class='ocrx_word' id='word_1_108' title='bbox 983 1193 1008 1240; x_wconf 86' lang='lat' dir='ltr'><strong><em>ta</em></strong></span> <span class='ocrx_word' id='word_1_109' title='bbox 1029 1188 1150 1256; x_wconf 75' lang='lat' dir='ltr'><strong><em>scripsit,</em></strong></span> 
     </span>
     <span class='ocr_line' id='line_1_15' title="bbox 133 1255 1150 1338; baseline 0.002 -29"><span class='ocrx_word' id='word_1_110' title='bbox 133 1255 257 1309; x_wconf 87' lang='lat' dir='ltr'><strong>omnium</strong></span> <span class='ocrx_word' id='word_1_111' title='bbox 276 1256 512 1326; x_wconf 78' lang='lat' dir='ltr'><strong>triumphatorum</strong></span> <span class='ocrx_word' id='word_1_112' title='bbox 530 1257 627 1310; x_wconf 77' lang='lat' dir='ltr'><em>laurea</em></span> <span class='ocrx_word' id='word_1_113' title='bbox 644 1256 746 1326; x_wconf 81' lang='lat' dir='ltr'><em>maior,</em></span> <span class='ocrx_word' id='word_1_114' title='bbox 771 1259 877 1324; x_wconf 80' lang='lat' dir='ltr'><em>quanto</em></span> <span class='ocrx_word' id='word_1_115' title='bbox 896 1256 959 1338; x_wconf 85' lang='lat' dir='ltr'><strong><em>plus</em></strong></span> <span class='ocrx_word' id='word_1_116' title='bbox 979 1260 1023 1311; x_wconf 80' lang='lat' dir='ltr'><strong><em>est</em></strong></span> <span class='ocrx_word' id='word_1_117' title='bbox 1040 1257 1150 1328; x_wconf 84' lang='lat' dir='ltr'>ingenii</span> 
     </span>
     <span class='ocr_line' id='line_1_16' title="bbox 133 1326 1016 1398; baseline 0.001 -17"><span class='ocrx_word' id='word_1_118' title='bbox 133 1326 252 1381; x_wconf 75' lang='lat' dir='ltr'><strong>Romani</strong></span> <span class='ocrx_word' id='word_1_119' title='bbox 271 1327 405 1381; x_wconf 83' lang='lat' dir='ltr'><strong><em>terminos</em></strong></span> <span class='ocrx_word' id='word_1_120' title='bbox 424 1328 454 1381; x_wconf 83' lang='lat' dir='ltr'><strong><em>in</em></strong></span> <span class='ocrx_word' id='word_1_121' title='bbox 472 1330 585 1382; x_wconf 80' lang='lat' dir='ltr'><em>tantum</em></span> <span class='ocrx_word' id='word_1_122' title='bbox 603 1327 774 1397; x_wconf 84' lang='lat' dir='ltr'>promovisse</span> <span class='ocrx_word' id='word_1_123' title='bbox 793 1344 878 1396; x_wconf 82' lang='lat' dir='ltr'><strong><em>quam</em></strong></span> <span class='ocrx_word' id='word_1_124' title='bbox 896 1327 1016 1398; x_wconf 86' lang='lat' dir='ltr'>1mperii.</span> 
     </span>
    </p>
   </div>
   <div class='ocr_carea' id='block_1_4' title="bbox 132 1417 1150 1628">
    <p class='ocr_par' dir='ltr' id='par_1_6' title="bbox 132 1417 1150 1628">
     <span class='ocr_line' id='line_1_17' title="bbox 204 1417 1150 1486; baseline 0.002 -14"><span class='ocrx_word' id='word_1_125' title='bbox 204 1419 292 1472; x_wconf 76' lang='lat' dir='ltr'><em>Seuer.</em></span> <span class='ocrx_word' id='word_1_126' title='bbox 317 1419 350 1471; x_wconf 86' lang='lat' dir='ltr'><strong><em>de</em></strong></span> <span class='ocrx_word' id='word_1_127' title='bbox 372 1418 513 1486; x_wconf 76' lang='lat' dir='ltr'><em>tranquill.</em></span> <span class='ocrx_word' id='word_1_128' title='bbox 538 1418 748 1483; x_wconf 79' lang='lat' dir='ltr'><em>auiutl.17,.9.</em></span> <span class='ocrx_word' id='word_1_129' title='bbox 787 1417 887 1472; x_wconf 79' lang='lat' dir='ltr'><em>Gataui</em></span> <span class='ocrx_word' id='word_1_130' title='bbox 908 1417 1024 1472; x_wconf 61' lang='lat' dir='ltr'><em>ebrietas</em></span> <span class='ocrx_word' id='word_1_131' title='bbox 1047 1419 1150 1474; x_wconf 76' lang='lat' dir='ltr'><em>obtecta</em></span> 
     </span>
     <span class='ocr_line' id='line_1_18' title="bbox 133 1489 1150 1559; baseline 0.002 -17"><span class='ocrx_word' id='word_1_132' title='bbox 133 1495 177 1543; x_wconf 81' lang='lat' dir='ltr'><em>est.</em></span> <span class='ocrx_word' id='word_1_133' title='bbox 198 1491 312 1556; x_wconf 76' lang='lat' dir='ltr'><em>facilius</em></span> <span class='ocrx_word' id='word_1_134' title='bbox 325 1490 431 1555; x_wconf 74' lang='lat' dir='ltr'><em>efficiet,</em></span> <span class='ocrx_word' id='word_1_135' title='bbox 445 1490 568 1557; x_wconf 77' lang='lat' dir='ltr'><em>quisquis</em></span> <span class='ocrx_word' id='word_1_136' title='bbox 582 1489 715 1555; x_wconf 78' lang='lat' dir='ltr'><em>obiecerit,</em></span> <span class='ocrx_word' id='word_1_137' title='bbox 724 1489 773 1542; x_wconf 73' lang='lat' dir='ltr'><em>lura</em></span> <span class='ocrx_word' id='word_1_138' title='bbox 787 1489 888 1542; x_wconf 83' lang='lat' dir='ltr'><em>criuuu</em></span> <span class='ocrx_word' id='word_1_139' title='bbox 901 1489 1051 1556; x_wconf 71' lang='lat' dir='ltr'><em>horurtum,</em></span> <span class='ocrx_word' id='word_1_140' title='bbox 1068 1508 1150 1559; x_wconf 77' lang='lat' dir='ltr'><em>quam</em></span> 
     </span>
     <span class='ocr_line' id='line_1_19' title="bbox 132 1560 392 1628; baseline -0.004 -15"><span class='ocrx_word' id='word_1_141' title='bbox 132 1565 237 1628; x_wconf 78' lang='lat' dir='ltr'><em>turpem</em></span> <span class='ocrx_word' id='word_1_142' title='bbox 257 1560 392 1614; x_wconf 78' lang='lat' dir='ltr'><em>Catauem.</em></span> 
     </span>
    </p>
   </div>
   <div class='ocr_carea' id='block_1_5' title="bbox 130 1644 1148 3512">
    <p class='ocr_par' dir='ltr' id='par_1_7' title="bbox 131 1644 1148 2153">
     <span class='ocr_line' id='line_1_20' title="bbox 204 1644 1148 1738; baseline 0.001 -36"><span class='ocrx_word' id='word_1_143' title='bbox 204 1650 278 1703; x_wconf 91' lang='lat' dir='ltr'><em>Plut.</em></span> <span class='ocrx_word' id='word_1_144' title='bbox 300 1648 358 1702; x_wconf 80' lang='lat' dir='ltr'><em>Cat.</em></span> <span class='ocrx_word' id='word_1_145' title='bbox 378 1653 420 1701; x_wconf 89' lang='lat'><strong><em>11.</em></strong></span> <span class='ocrx_word' id='word_1_146' title='bbox 461 1653 518 1717; x_wconf 93' lang='grc' dir='ltr'><strong><em>Τῆς</em></strong></span> <span class='ocrx_word' id='word_1_147' title='bbox 544 1646 729 1738; x_wconf 85' lang='grc' dir='ltr'><strong><em>κληρονομίας</em></strong></span> <span class='ocrx_word' id='word_1_148' title='bbox 756 1644 917 1717; x_wconf 82' lang='grc' dir='ltr'><strong><em>(Καπίωνος</em></strong></span> <span class='ocrx_word' id='word_1_149' title='bbox 944 1645 1081 1718; x_wconf 86' lang='grc' dir='ltr'><strong><em>ἀδελφοῦ)</em></strong></span> <span class='ocrx_word' id='word_1_150' title='bbox 1110 1649 1148 1711; x_wconf 88' lang='grc' dir='ltr'><strong><em>είς</em></strong></span> 
     </span>
     <span class='ocr_line' id='line_1_21' title="bbox 133 1715 1147 1788; baseline 0.003 -16"><span class='ocrx_word' id='word_1_151' title='bbox 133 1717 220 1774; x_wconf 72' lang='grc' dir='ltr'><strong><em>αὐτόν</em></strong></span> <span class='ocrx_word' id='word_1_152' title='bbox 238 1737 267 1772; x_wconf 90' lang='grc' dir='ltr'><strong><em>τε</em></strong></span> <span class='ocrx_word' id='word_1_153' title='bbox 286 1720 334 1772; x_wconf 84' lang='grc' dir='ltr'><strong><em>καὶ</em></strong></span> <span class='ocrx_word' id='word_1_154' title='bbox 352 1718 507 1788; x_wconf 90' lang='grc' dir='ltr'><strong><em>θυγάτριον</em></strong></span> <span class='ocrx_word' id='word_1_155' title='bbox 526 1728 575 1773; x_wconf 89' lang='grc' dir='ltr'><strong><em>τοῦ</em></strong></span> <span class='ocrx_word' id='word_1_156' title='bbox 593 1724 743 1781; x_wconf 77' lang='grc' dir='ltr'><strong><em>Καπίωνος</em></strong></span> <span class='ocrx_word' id='word_1_157' title='bbox 761 1718 890 1788; x_wconf 75' lang='grc' dir='ltr'><strong><em>ἡκούσης,</em></strong></span> <span class='ocrx_word' id='word_1_158' title='bbox 910 1717 999 1774; x_wconf 78' lang='grc' dir='ltr'><strong><em>οὐθὲν</em></strong></span> <span class='ocrx_word' id='word_1_159' title='bbox 1018 1715 1058 1774; x_wconf 75' lang='grc' dir='ltr'><strong><em>ὧν</em></strong></span> <span class='ocrx_word' id='word_1_160' title='bbox 1078 1719 1147 1775; x_wconf 82' lang='grc' dir='ltr'><strong><em>ἀνά·</em></strong></span> 
     </span>
     <span class='ocr_line' id='line_1_22' title="bbox 131 1788 1147 1861; baseline 0.003 -19"><span class='ocrx_word' id='word_1_161' title='bbox 131 1793 199 1843; x_wconf 87' lang='grc' dir='ltr'><strong><em>λωσε</em></strong></span> <span class='ocrx_word' id='word_1_162' title='bbox 220 1791 285 1857; x_wconf 85' lang='grc' dir='ltr'><strong><em>περί</em></strong></span> <span class='ocrx_word' id='word_1_163' title='bbox 304 1789 353 1844; x_wconf 88' lang='grc' dir='ltr'><strong><em>τὸν</em></strong></span> <span class='ocrx_word' id='word_1_164' title='bbox 371 1788 464 1857; x_wconf 85' lang='grc' dir='ltr'><strong><em>τάφον</em></strong></span> <span class='ocrx_word' id='word_1_165' title='bbox 483 1789 625 1861; x_wconf 75' lang='grc' dir='ltr'><strong><em>ἀπῄτησεν</em></strong></span> <span class='ocrx_word' id='word_1_166' title='bbox 644 1789 674 1845; x_wconf 91' lang='grc' dir='ltr'><strong><em>ἐν</em></strong></span> <span class='ocrx_word' id='word_1_167' title='bbox 692 1798 725 1861; x_wconf 88' lang='grc' dir='ltr'><strong><em>τῆ</em></strong></span> <span class='ocrx_word' id='word_1_168' title='bbox 743 1788 861 1859; x_wconf 87' lang='grc' dir='ltr'><strong><em>νεμήσει.</em></strong></span> <span class='ocrx_word' id='word_1_169' title='bbox 893 1790 950 1843; x_wconf 90' lang='grc' dir='ltr'><strong><em>Καλ</em></strong></span> <span class='ocrx_word' id='word_1_170' title='bbox 967 1799 1057 1844; x_wconf 88' lang='grc' dir='ltr'><strong><em>ταῦτα</em></strong></span> <span class='ocrx_word' id='word_1_171' title='bbox 1076 1790 1147 1859; x_wconf 89' lang='grc' dir='ltr'><strong><em>πρά-</em></strong></span> 
     </span>
     <span class='ocr_line' id='line_1_23' title="bbox 132 1855 1146 1935; baseline 0.004 -22"><span class='ocrx_word' id='word_1_172' title='bbox 132 1861 232 1925; x_wconf 83' lang='grc' dir='ltr'><strong><em>ξαντος</em></strong></span> <span class='ocrx_word' id='word_1_173' title='bbox 259 1861 345 1914; x_wconf 78' lang='grc' dir='ltr'><strong><em>αὐτοῦ</em></strong></span> <span class='ocrx_word' id='word_1_174' title='bbox 369 1861 417 1913; x_wconf 84' lang='grc' dir='ltr'><strong><em>καὶ</em></strong></span> <span class='ocrx_word' id='word_1_175' title='bbox 440 1859 611 1928; x_wconf 90' lang='grc' dir='ltr'><strong><em>πράττοντος</em></strong></span> <span class='ocrx_word' id='word_1_176' title='bbox 635 1855 671 1930; x_wconf 79' lang='grc' dir='ltr'><strong><em>ἦν</em></strong></span> <span class='ocrx_word' id='word_1_177' title='bbox 694 1861 709 1915; x_wconf 91' lang='grc' dir='ltr'>ὁ</span> <span class='ocrx_word' id='word_1_178' title='bbox 733 1860 858 1931; x_wconf 86' lang='grc' dir='ltr'><strong><em>γράψας,</em></strong></span> <span class='ocrx_word' id='word_1_179' title='bbox 887 1858 929 1914; x_wconf 82' lang='grc' dir='ltr'><strong><em>ὅτι</em></strong></span> <span class='ocrx_word' id='word_1_180' title='bbox 952 1859 1073 1935; x_wconf 82' lang='grc' dir='ltr'><strong><em>κοσκίνῳ</em></strong></span> <span class='ocrx_word' id='word_1_181' title='bbox 1097 1863 1146 1932; x_wconf 86' lang='grc' dir='ltr'><strong><em>τήν</em></strong></span> 
     </span>
     <span class='ocr_line' id='line_1_24' title="bbox 131 1929 1146 2002; baseline 0.003 -17"><span class='ocrx_word' id='word_1_182' title='bbox 131 1929 238 1999; x_wconf 84' lang='grc' dir='ltr'><strong><em>τέφραν</em></strong></span> <span class='ocrx_word' id='word_1_183' title='bbox 261 1940 310 1985; x_wconf 87' lang='grc' dir='ltr'><strong><em>τοῦ</em></strong></span> <span class='ocrx_word' id='word_1_184' title='bbox 332 1939 431 1998; x_wconf 80' lang='grc' dir='ltr'><strong><em>νεκροῦ</em></strong></span> <span class='ocrx_word' id='word_1_185' title='bbox 451 1929 580 2002; x_wconf 81' lang='grc' dir='ltr'><strong><em>μετέβαλε</em></strong></span> <span class='ocrx_word' id='word_1_186' title='bbox 598 1934 646 1987; x_wconf 89' lang='grc' dir='ltr'><strong><em>καί</em></strong></span> <span class='ocrx_word' id='word_1_187' title='bbox 665 1932 798 2002; x_wconf 78' lang='grc' dir='ltr'><strong><em>διήθησε,</em></strong></span> <span class='ocrx_word' id='word_1_188' title='bbox 821 1929 935 2002; x_wconf 87' lang='grc' dir='ltr'><strong><em>χρυσίον</em></strong></span> <span class='ocrx_word' id='word_1_189' title='bbox 954 1934 1042 2000; x_wconf 80' lang='grc' dir='ltr'><strong><em>ζητῶν</em></strong></span> <span class='ocrx_word' id='word_1_190' title='bbox 1061 1954 1146 1988; x_wconf 90' lang='grc' dir='ltr'><strong><em>κατα-</em></strong></span> 
     </span>
     <span class='ocr_line' id='line_1_25' title="bbox 131 1999 1145 2078; baseline 0.003 -22"><span class='ocrx_word' id='word_1_191' title='bbox 131 2000 312 2070; x_wconf 85' lang='grc' dir='ltr'><strong><em>κεκαυμένον.</em></strong></span> <span class='ocrx_word' id='word_1_192' title='bbox 351 1999 447 2064; x_wconf 78' lang='grc' dir='ltr'><strong><em>Οῦτως</em></strong></span> <span class='ocrx_word' id='word_1_193' title='bbox 470 2004 503 2057; x_wconf 84' lang='grc' dir='ltr'><strong><em>οῦ</em></strong></span> <span class='ocrx_word' id='word_1_194' title='bbox 526 2007 564 2075; x_wconf 81' lang='grc' dir='ltr'><strong><em>τῷ</em></strong></span> <span class='ocrx_word' id='word_1_195' title='bbox 588 2001 663 2072; x_wconf 84' lang='grc' dir='ltr'><strong><em>ξίφει</em></strong></span> <span class='ocrx_word' id='word_1_196' title='bbox 687 2001 783 2073; x_wconf 90' lang='grc' dir='ltr'><strong><em>μόνον,</em></strong></span> <span class='ocrx_word' id='word_1_197' title='bbox 805 2002 874 2057; x_wconf 76' lang='grc' dir='ltr'><strong><em>ἀλλὰ</em></strong></span> <span class='ocrx_word' id='word_1_198' title='bbox 896 2004 944 2057; x_wconf 88' lang='grc' dir='ltr'><strong><em>καί</em></strong></span> <span class='ocrx_word' id='word_1_199' title='bbox 963 2009 1001 2076; x_wconf 83' lang='grc' dir='ltr'><strong><em>τῷ</em></strong></span> <span class='ocrx_word' id='word_1_200' title='bbox 1021 2003 1145 2078; x_wconf 83' lang='grc' dir='ltr'><strong><em>γραφείῳ</em></strong></span> 
     </span>
     <span class='ocr_line' id='line_1_26' title="bbox 131 2072 877 2153; baseline 0 -26"><span class='ocrx_word' id='word_1_201' title='bbox 131 2074 163 2128; x_wconf 86' lang='grc' dir='ltr'><strong><em>τὸ</em></strong></span> <span class='ocrx_word' id='word_1_202' title='bbox 183 2072 384 2128; x_wconf 72' lang='grc' dir='ltr'><strong><em>ἀνυπεύθυνον</em></strong></span> <span class='ocrx_word' id='word_1_203' title='bbox 402 2074 500 2128; x_wconf 80' lang='grc' dir='ltr'><strong><em>καὶτὸ</em></strong></span> <span class='ocrx_word' id='word_1_204' title='bbox 519 2072 693 2129; x_wconf 78' lang='grc' dir='ltr'><strong><em>ἀνυπόδικον</em></strong></span> <span class='ocrx_word' id='word_1_205' title='bbox 712 2072 877 2153; x_wconf 75' lang='grc' dir='ltr'><strong><em>ἐπίστευσεν.</em></strong></span> 
     </span>
    </p>

    <p class='ocr_par' dir='ltr' id='par_1_8' title="bbox 130 2152 1146 3076">
     <span class='ocr_line' id='line_1_27' title="bbox 203 2152 1145 2224; baseline 0.003 -18"><span class='ocrx_word' id='word_1_206' title='bbox 203 2155 277 2208; x_wconf 83' lang='lat' dir='ltr'><em>Plut.</em></span> <span class='ocrx_word' id='word_1_207' title='bbox 294 2153 351 2208; x_wconf 78' lang='lat' dir='ltr'><em>Cal.</em></span> <span class='ocrx_word' id='word_1_208' title='bbox 367 2157 411 2207; x_wconf 81' lang='lat'><strong><em>36.</em></strong></span> <span class='ocrx_word' id='word_1_209' title='bbox 446 2153 538 2223; x_wconf 82' lang='grc' dir='ltr'><strong><em>Οίίσης</em></strong></span> <span class='ocrx_word' id='word_1_210' title='bbox 556 2153 587 2208; x_wconf 80' lang='grc' dir='ltr'><strong><em>δὲ</em></strong></span> <span class='ocrx_word' id='word_1_211' title='bbox 605 2157 707 2224; x_wconf 89' lang='grc' dir='ltr'><strong><em>πολλῆς</em></strong></span> <span class='ocrx_word' id='word_1_212' title='bbox 725 2155 772 2208; x_wconf 89' lang='grc' dir='ltr'><strong><em>καί</em></strong></span> <span class='ocrx_word' id='word_1_213' title='bbox 791 2155 934 2224; x_wconf 83' lang='grc' dir='ltr'><strong><em>βασιλικῆς</em></strong></span> <span class='ocrx_word' id='word_1_214' title='bbox 952 2152 982 2207; x_wconf 90' lang='grc' dir='ltr'><strong><em>ἐν</em></strong></span> <span class='ocrx_word' id='word_1_215' title='bbox 1002 2153 1145 2223; x_wconf 83' lang='grc' dir='ltr'><strong><em>ἐκπώμασι</em></strong></span> 
     </span>
     <span class='ocr_line' id='line_1_28' title="bbox 130 2222 1146 2294; baseline 0.002 -16"><span class='ocrx_word' id='word_1_216' title='bbox 130 2226 178 2279; x_wconf 88' lang='grc' dir='ltr'><strong><em>καλ</em></strong></span> <span class='ocrx_word' id='word_1_217' title='bbox 205 2222 352 2293; x_wconf 81' lang='grc' dir='ltr'><strong><em>τραπέζαις</em></strong></span> <span class='ocrx_word' id='word_1_218' title='bbox 379 2225 427 2278; x_wconf 86' lang='grc' dir='ltr'><strong><em>καλ</em></strong></span> <span class='ocrx_word' id='word_1_219' title='bbox 450 2222 542 2287; x_wconf 80' lang='grc' dir='ltr'><strong><em>λίθοις</em></strong></span> <span class='ocrx_word' id='word_1_220' title='bbox 564 2227 613 2280; x_wconf 87' lang='grc' dir='ltr'><strong><em>καί</em></strong></span> <span class='ocrx_word' id='word_1_221' title='bbox 638 2225 797 2294; x_wconf 77' lang='grc' dir='ltr'><strong><em>πορφύραις</em></strong></span> <span class='ocrx_word' id='word_1_222' title='bbox 819 2232 1002 2293; x_wconf 86' lang='grc' dir='ltr'><strong><em>κατασκευῆς,</em></strong></span> <span class='ocrx_word' id='word_1_223' title='bbox 1031 2223 1066 2292; x_wconf 83' lang='grc' dir='ltr'><strong><em>ἣν</em></strong></span> <span class='ocrx_word' id='word_1_224' title='bbox 1090 2225 1146 2280; x_wconf 89' lang='grc' dir='ltr'><strong><em>έδει</em></strong></span> 
     </span>
     <span class='ocr_line' id='line_1_29' title="bbox 130 2292 1145 2367; baseline 0.002 -18"><span class='ocrx_word' id='word_1_225' title='bbox 130 2298 290 2365; x_wconf 87' lang='grc' dir='ltr'><strong><em>πραθεῖσαν</em></strong></span> <span class='ocrx_word' id='word_1_226' title='bbox 317 2295 567 2366; x_wconf 80' lang='grc' dir='ltr'><strong><em>ἐξαργυρισθῆναι,</em></strong></span> <span class='ocrx_word' id='word_1_227' title='bbox 594 2295 688 2350; x_wconf 89' lang='grc' dir='ltr'><strong><em>πάντα</em></strong></span> <span class='ocrx_word' id='word_1_228' title='bbox 716 2292 884 2367; x_wconf 90' lang='grc' dir='ltr'><strong><em>βουλόμενος</em></strong></span> <span class='ocrx_word' id='word_1_229' title='bbox 906 2294 1074 2366; x_wconf 80' lang='grc' dir='ltr'><strong><em>ἐξακριβοῦν</em></strong></span> <span class='ocrx_word' id='word_1_230' title='bbox 1098 2298 1145 2351; x_wconf 89' lang='grc' dir='ltr'><strong><em>καλ</em></strong></span> 
     </span>
     <span class='ocr_line' id='line_1_30' title="bbox 131 2365 1145 2436; baseline 0.003 -16"><span class='ocrx_word' id='word_1_231' title='bbox 131 2367 224 2422; x_wconf 89' lang='grc' dir='ltr'><strong><em>πάντα</em></strong></span> <span class='ocrx_word' id='word_1_232' title='bbox 247 2365 420 2422; x_wconf 86' lang='grc' dir='ltr'><strong><em>κατατείνειν</em></strong></span> <span class='ocrx_word' id='word_1_233' title='bbox 444 2367 484 2429; x_wconf 86' lang='grc' dir='ltr'><strong><em>εἰς</em></strong></span> <span class='ocrx_word' id='word_1_234' title='bbox 505 2366 595 2435; x_wconf 87' lang='grc' dir='ltr'><strong><em>άκραν</em></strong></span> <span class='ocrx_word' id='word_1_235' title='bbox 618 2367 701 2436; x_wconf 82' lang='grc' dir='ltr'><strong><em>τιμήν</em></strong></span> <span class='ocrx_word' id='word_1_236' title='bbox 723 2367 772 2420; x_wconf 83' lang='grc' dir='ltr'><strong><em>καί</em></strong></span> <span class='ocrx_word' id='word_1_237' title='bbox 795 2375 881 2420; x_wconf 89' lang='grc' dir='ltr'><strong><em>πᾶσιν</em></strong></span> <span class='ocrx_word' id='word_1_238' title='bbox 904 2366 988 2428; x_wconf 73' lang='grc' dir='ltr'><strong><em>αὐτὸς</em></strong></span> <span class='ocrx_word' id='word_1_239' title='bbox 1011 2377 1145 2435; x_wconf 87' lang='grc' dir='ltr'><strong><em>παρεῖναι</em></strong></span> 
     </span>
     <span class='ocr_line' id='line_1_31' title="bbox 130 2435 1145 2509; baseline 0.001 -17"><span class='ocrx_word' id='word_1_240' title='bbox 130 2440 179 2493; x_wconf 84' lang='grc' dir='ltr'><strong><em>καί</em></strong></span> <span class='ocrx_word' id='word_1_241' title='bbox 197 2439 348 2509; x_wconf 89' lang='grc' dir='ltr'><strong><em>προσάγειν</em></strong></span> <span class='ocrx_word' id='word_1_242' title='bbox 366 2438 416 2493; x_wconf 92' lang='grc' dir='ltr'><strong><em>τὸν</em></strong></span> <span class='ocrx_word' id='word_1_243' title='bbox 434 2437 550 2508; x_wconf 86' lang='grc' dir='ltr'><strong><em>ἐσχατον</em></strong></span> <span class='ocrx_word' id='word_1_244' title='bbox 569 2437 731 2507; x_wconf 88' lang='grc' dir='ltr'><strong><em>ἐκλογισμὸν</em></strong></span> <span class='ocrx_word' id='word_1_245' title='bbox 750 2436 816 2492; x_wconf 77' lang='grc' dir='ltr'><strong><em>οὐδέ</em></strong></span> <span class='ocrx_word' id='word_1_246' title='bbox 835 2446 894 2499; x_wconf 88' lang='grc' dir='ltr'><strong><em>τοῖς</em></strong></span> <span class='ocrx_word' id='word_1_247' title='bbox 912 2435 995 2491; x_wconf 90' lang='grc' dir='ltr'><strong><em>ἐθάσι</em></strong></span> <span class='ocrx_word' id='word_1_248' title='bbox 1014 2446 1064 2508; x_wconf 89' lang='grc' dir='ltr'><strong><em>τῆς</em></strong></span> <span class='ocrx_word' id='word_1_249' title='bbox 1078 2439 1145 2509; x_wconf 91' lang='grc' dir='ltr'><strong><em>ἀγο-</em></strong></span> 
     </span>
     <span class='ocr_line' id='line_1_32' title="bbox 132 2506 1145 2578; baseline 0.002 -15"><span class='ocrx_word' id='word_1_250' title='bbox 132 2517 183 2578; x_wconf 83' lang='grc' dir='ltr'><strong><em>ρᾶς</em></strong></span> <span class='ocrx_word' id='word_1_251' title='bbox 201 2507 351 2578; x_wconf 88' lang='grc' dir='ltr'><strong><em>ἐπίστευεν,</em></strong></span> <span class='ocrx_word' id='word_1_252' title='bbox 374 2509 443 2563; x_wconf 83' lang='grc' dir='ltr'><strong><em>ἀλλὰ</em></strong></span> <span class='ocrx_word' id='word_1_253' title='bbox 462 2510 592 2564; x_wconf 82' lang='grc' dir='ltr'><strong><em>ὑπονοῶν</em></strong></span> <span class='ocrx_word' id='word_1_254' title='bbox 611 2509 680 2577; x_wconf 88' lang='grc' dir='ltr'><strong><em>ὁμοῦ</em></strong></span> <span class='ocrx_word' id='word_1_255' title='bbox 698 2507 819 2576; x_wconf 88' lang='grc' dir='ltr'><strong><em>πάντας,</em></strong></span> <span class='ocrx_word' id='word_1_256' title='bbox 840 2506 1049 2577; x_wconf 87' lang='grc' dir='ltr'><strong><em>ῦπηρέτας,·κή</em></strong></span> <span class='ocrx_word' id='word_1_257' title='bbox 1066 2530 1145 2578; x_wconf 81' lang='grc' dir='ltr'><strong><em>υκας,</em></strong></span> 
     </span>
     <span class='ocr_line' id='line_1_33' title="bbox 131 2530 1146 2655; baseline 0.003 -22"><span class='ocrx_word' id='word_1_258' title='bbox 131 2580 252 2650; x_wconf 88' lang='grc' dir='ltr'><strong><em>ὠνητάς,</em></strong></span> <span class='ocrx_word' id='word_1_259' title='bbox 272 2578 383 2648; x_wconf 91' lang='grc' dir='ltr'><strong><em>φίλους,</em></strong></span> <span class='ocrx_word' id='word_1_260' title='bbox 406 2578 483 2642; x_wconf 90' lang='grc' dir='ltr'><strong><em>τέλος</em></strong></span> <span class='ocrx_word' id='word_1_261' title='bbox 505 2580 590 2642; x_wconf 80' lang='grc' dir='ltr'><strong><em>αὐτὸς</em></strong></span> <span class='ocrx_word' id='word_1_262' title='bbox 608 2577 667 2655; x_wconf 78' lang='grc' dir='ltr'><strong><em>ἰδίᾳ</em></strong></span> <span class='ocrx_word' id='word_1_263' title='bbox 685 2589 744 2642; x_wconf 86' lang='grc' dir='ltr'><strong><em>τοῖς</em></strong></span> <span class='ocrx_word' id='word_1_264' title='bbox 761 2577 930 2648; x_wconf 86' lang='grc' dir='ltr'><strong><em>ὠνουμένοις</em></strong></span> <span class='ocrx_word' id='word_1_265' title='bbox 948 2530 1146 2650; x_wconf 78' lang='grc' dir='ltr'><strong><em>διαλεγόμενος</em></strong></span> 
     </span>
     <span class='ocr_line' id='line_1_34' title="bbox 130 2649 1145 2722; baseline 0.004 -18"><span class='ocrx_word' id='word_1_266' title='bbox 130 2653 179 2705; x_wconf 85' lang='grc' dir='ltr'><strong><em>καί</em></strong></span> <span class='ocrx_word' id='word_1_267' title='bbox 203 2651 395 2722; x_wconf 81' lang='grc' dir='ltr'><strong><em>προσβιβάζων</em></strong></span> <span class='ocrx_word' id='word_1_268' title='bbox 419 2649 547 2719; x_wconf 76' lang='grc' dir='ltr'><strong><em>ἕκαστον,</em></strong></span> <span class='ocrx_word' id='word_1_269' title='bbox 576 2649 647 2704; x_wconf 71' lang='grc' dir='ltr'><strong><em>οὕτω</em></strong></span> <span class='ocrx_word' id='word_1_270' title='bbox 670 2649 705 2704; x_wconf 82' lang='grc' dir='ltr'><strong><em>τά</em></strong></span> <span class='ocrx_word' id='word_1_271' title='bbox 728 2654 841 2704; x_wconf 86' lang='grc' dir='ltr'><strong><em>πλεῖστα</em></strong></span> <span class='ocrx_word' id='word_1_272' title='bbox 863 2659 918 2705; x_wconf 93' lang='grc' dir='ltr'><strong><em>τῶν</em></strong></span> <span class='ocrx_word' id='word_1_273' title='bbox 941 2651 1145 2720; x_wconf 88' lang='grc' dir='ltr'><strong><em>ἀορασμάτων</em></strong></span> 
     </span>
     <span class='ocr_line' id='line_1_35' title="bbox 131 2672 1146 2792; baseline 0.002 -17"><span class='ocrx_word' id='word_1_274' title='bbox 131 2721 236 2776; x_wconf 82' lang='grc' dir='ltr'><strong><em>ἐπώλει.</em></strong></span> <span class='ocrx_word' id='word_1_275' title='bbox 270 2722 322 2775; x_wconf 86' lang='grc' dir='ltr'><strong><em>Διὸ</em></strong></span> <span class='ocrx_word' id='word_1_276' title='bbox 341 2731 400 2784; x_wconf 89' lang='grc' dir='ltr'><strong><em>τοῖς</em></strong></span> <span class='ocrx_word' id='word_1_277' title='bbox 416 2741 446 2776; x_wconf 88' lang='grc' dir='ltr'><strong><em>τε</em></strong></span> <span class='ocrx_word' id='word_1_278' title='bbox 464 2720 557 2784; x_wconf 81' lang='grc' dir='ltr'><strong><em>ἀλλοις</em></strong></span> <span class='ocrx_word' id='word_1_279' title='bbox 576 2720 667 2791; x_wconf 89' lang='grc' dir='ltr'><strong><em>φίλοις</em></strong></span> <span class='ocrx_word' id='word_1_280' title='bbox 686 2723 722 2784; x_wconf 83' lang='grc' dir='ltr'><strong><em>ὡς</em></strong></span> <span class='ocrx_word' id='word_1_281' title='bbox 740 2723 864 2777; x_wconf 87' lang='grc' dir='ltr'><strong><em>ἀπιστῶν</em></strong></span> <span class='ocrx_word' id='word_1_282' title='bbox 881 2672 1077 2792; x_wconf 71' lang='grc' dir='ltr'><strong><em>προσέκρουσε,</em></strong></span> <span class='ocrx_word' id='word_1_283' title='bbox 1097 2725 1146 2777; x_wconf 88' lang='grc' dir='ltr'><strong><em>καί</em></strong></span> 
     </span>
     <span class='ocr_line' id='line_1_36' title="bbox 130 2789 1144 2862; baseline 0.005 -17"><span class='ocrx_word' id='word_1_284' title='bbox 130 2793 179 2848; x_wconf 84' lang='grc' dir='ltr'><strong><em>τὸν</em></strong></span> <span class='ocrx_word' id='word_1_285' title='bbox 208 2789 416 2862; x_wconf 87' lang='grc' dir='ltr'><strong><em>συνηθέστατον</em></strong></span> <span class='ocrx_word' id='word_1_286' title='bbox 441 2791 574 2847; x_wconf 84' lang='grc' dir='ltr'><strong><em>ἁπάντων</em></strong></span> <span class='ocrx_word' id='word_1_287' title='bbox 597 2791 763 2848; x_wconf 88' lang='grc' dir='ltr'><strong><em>Μουνάτιον</em></strong></span> <span class='ocrx_word' id='word_1_288' title='bbox 791 2793 831 2855; x_wconf 82' lang='grc' dir='ltr'><strong><em>εἰς</em></strong></span> <span class='ocrx_word' id='word_1_289' title='bbox 853 2791 940 2862; x_wconf 85' lang='grc' dir='ltr'><strong><em>ὀργήν</em></strong></span> <span class='ocrx_word' id='word_1_290' title='bbox 963 2790 1059 2862; x_wconf 87' lang='grc' dir='ltr'><strong><em>ὀλίγου</em></strong></span> <span class='ocrx_word' id='word_1_291' title='bbox 1083 2797 1144 2851; x_wconf 87' lang='grc' dir='ltr'><strong><em>δεῖν</em></strong></span> 
     </span>
     <span class='ocr_line' id='line_1_37' title="bbox 131 2861 1145 2936; baseline 0.004 -19"><span class='ocrx_word' id='word_1_292' title='bbox 131 2863 284 2930; x_wconf 88' lang='grc' dir='ltr'><strong><em>ἀνήκεστον</em></strong></span> <span class='ocrx_word' id='word_1_293' title='bbox 303 2861 455 2933; x_wconf 82' lang='grc' dir='ltr'><strong><em>γενομένην</em></strong></span> <span class='ocrx_word' id='word_1_294' title='bbox 470 2861 607 2934; x_wconf 87' lang='grc' dir='ltr'><strong><em>ἐνέβαλεν,</em></strong></span> <span class='ocrx_word' id='word_1_295' title='bbox 626 2863 694 2917; x_wconf 76' lang='grc' dir='ltr'><strong><em>ὥστε</em></strong></span> <span class='ocrx_word' id='word_1_296' title='bbox 708 2864 757 2917; x_wconf 89' lang='grc' dir='ltr'><strong><em>καλ</em></strong></span> <span class='ocrx_word' id='word_1_297' title='bbox 770 2861 892 2931; x_wconf 89' lang='grc' dir='ltr'><strong><em>Καίσαρι</em></strong></span> <span class='ocrx_word' id='word_1_298' title='bbox 906 2861 1046 2934; x_wconf 90' lang='grc' dir='ltr'><strong><em>γράφοντι</em></strong></span> <span class='ocrx_word' id='word_1_299' title='bbox 1060 2863 1145 2936; x_wconf 91' lang='grc' dir='ltr'><strong><em>λόγον</em></strong></span> 
     </span>
     <span class='ocr_line' id='line_1_38' title="bbox 130 2932 1146 3006; baseline 0.003 -19"><span class='ocrx_word' id='word_1_300' title='bbox 130 2933 202 2988; x_wconf 84' lang='grc' dir='ltr'><strong><em>κατὰ</em></strong></span> <span class='ocrx_word' id='word_1_301' title='bbox 225 2943 274 2988; x_wconf 86' lang='grc' dir='ltr'><strong><em>τοῦ</em></strong></span> <span class='ocrx_word' id='word_1_302' title='bbox 293 2932 425 2997; x_wconf 87' lang='grc' dir='ltr'><strong><em>Κάτωνος</em></strong></span> <span class='ocrx_word' id='word_1_303' title='bbox 447 2933 617 3004; x_wconf 88' lang='grc' dir='ltr'><strong><em>πικροτάτην</em></strong></span> <span class='ocrx_word' id='word_1_304' title='bbox 639 2943 721 2989; x_wconf 87' lang='grc' dir='ltr'><strong><em>τοῦτο</em></strong></span> <span class='ocrx_word' id='word_1_305' title='bbox 744 2936 775 2989; x_wconf 90' lang='grc' dir='ltr'><strong><em>τὸ</em></strong></span> <span class='ocrx_word' id='word_1_306' title='bbox 799 2932 881 3004; x_wconf 88' lang='grc' dir='ltr'><strong><em>μέρος</em></strong></span> <span class='ocrx_word' id='word_1_307' title='bbox 903 2943 952 3004; x_wconf 89' lang='grc' dir='ltr'><strong><em>τῆς</em></strong></span> <span class='ocrx_word' id='word_1_308' title='bbox 974 2935 1146 3006; x_wconf 87' lang='grc' dir='ltr'><strong><em>κατηγορίας</em></strong></span> 
     </span>
     <span class='ocr_line' id='line_1_39' title="bbox 130 3005 457 3076; baseline 0.006 -18"><span class='ocrx_word' id='word_1_309' title='bbox 130 3005 278 3076; x_wconf 85' lang='grc' dir='ltr'><strong><em>διατριβήν</em></strong></span> <span class='ocrx_word' id='word_1_310' title='bbox 295 3015 457 3075; x_wconf 87' lang='grc' dir='ltr'><strong><em>παρασχεῖν.</em></strong></span> 
     </span>
    </p>

    <p class='ocr_par' dir='ltr' id='par_1_9' title="bbox 130 3082 1146 3512">
     <span class='ocr_line' id='line_1_40' title="bbox 202 3082 1144 3157; baseline 0.005 -19"><span class='ocrx_word' id='word_1_311' title='bbox 202 3086 276 3139; x_wconf 83' lang='lat' dir='ltr'><em>Plut.</em></span> <span class='ocrx_word' id='word_1_312' title='bbox 298 3085 355 3139; x_wconf 80' lang='lat' dir='ltr'><em>Cal.</em></span> <span class='ocrx_word' id='word_1_313' title='bbox 376 3090 419 3140; x_wconf 81' lang='lat'><strong><em>52.</em></strong></span> <span class='ocrx_word' id='word_1_314' title='bbox 461 3091 516 3156; x_wconf 87' lang='grc' dir='ltr'><strong><em>Τῆς</em></strong></span> <span class='ocrx_word' id='word_1_315' title='bbox 539 3084 571 3140; x_wconf 77' lang='grc' dir='ltr'><strong><em>δὲ</em></strong></span> <span class='ocrx_word' id='word_1_316' title='bbox 593 3085 684 3149; x_wconf 86' lang='grc' dir='ltr'><strong><em>οἰκίας</em></strong></span> <span class='ocrx_word' id='word_1_317' title='bbox 701 3087 749 3140; x_wconf 89' lang='grc' dir='ltr'><strong><em>καί</em></strong></span> <span class='ocrx_word' id='word_1_318' title='bbox 767 3094 823 3141; x_wconf 90' lang='grc' dir='ltr'><strong><em>τῶν</em></strong></span> <span class='ocrx_word' id='word_1_319' title='bbox 840 3082 1006 3155; x_wconf 86' lang='grc' dir='ltr'><strong><em>θυγατέρων</em></strong></span> <span class='ocrx_word' id='word_1_320' title='bbox 1024 3085 1144 3157; x_wconf 88' lang='grc' dir='ltr'><strong><em>κηδεμό-</em></strong></span> 
     </span>
     <span class='ocr_line' id='line_1_41' title="bbox 130 3153 1145 3246; baseline 0.001 -35"><span class='ocrx_word' id='word_1_321' title='bbox 130 3175 180 3218; x_wconf 93' lang='grc' dir='ltr'><strong><em>νος</em></strong></span> <span class='ocrx_word' id='word_1_322' title='bbox 199 3153 340 3224; x_wconf 87' lang='grc' dir='ltr'><strong><em>δεομένων</em></strong></span> <span class='ocrx_word' id='word_1_323' title='bbox 358 3154 475 3229; x_wconf 91' lang='grc' dir='ltr'><strong><em>ἀνέλαβε</em></strong></span> <span class='ocrx_word' id='word_1_324' title='bbox 494 3155 579 3212; x_wconf 91' lang='grc' dir='ltr'><strong><em>πάλιν</em></strong></span> <span class='ocrx_word' id='word_1_325' title='bbox 597 3157 648 3227; x_wconf 82' lang='grc' dir='ltr'><strong><em>τὴν</em></strong></span> <span class='ocrx_word' id='word_1_326' title='bbox 666 3155 802 3225; x_wconf 89' lang='grc' dir='ltr'><strong><em>Μαρκίαν</em></strong></span> <span class='ocrx_word' id='word_1_327' title='bbox 820 3156 992 3246; x_wconf 73' lang='grc' dir='ltr'><strong><em>γηρεόουσαν</em></strong></span> <span class='ocrx_word' id='word_1_328' title='bbox 1011 3157 1059 3212; x_wconf 80' lang='grc' dir='ltr'><strong><em>ἐπὶ</em></strong></span> <span class='ocrx_word' id='word_1_329' title='bbox 1078 3158 1145 3229; x_wconf 82' lang='grc' dir='ltr'><strong><em>χρή-</em></strong></span> 
     </span>
     <span class='ocr_line' id='line_1_42' title="bbox 131 3225 1145 3299; baseline 0.004 -19"><span class='ocrx_word' id='word_1_330' title='bbox 131 3245 198 3295; x_wconf 88' lang='grc' dir='ltr'><strong><em>μασι</em></strong></span> <span class='ocrx_word' id='word_1_331' title='bbox 221 3230 342 3289; x_wconf 86' lang='grc' dir='ltr'><strong><em>πολλοῖς·</em></strong></span> <span class='ocrx_word' id='word_1_332' title='bbox 367 3228 383 3281; x_wconf 83' lang='grc' dir='ltr'>ὁ</span> <span class='ocrx_word' id='word_1_333' title='bbox 401 3227 454 3298; x_wconf 82' lang='grc' dir='ltr'><strong><em>γὰρ</em></strong></span> <span class='ocrx_word' id='word_1_334' title='bbox 468 3225 612 3296; x_wconf 86' lang='grc' dir='ltr'><strong><em>Ὁρτήσιος</em></strong></span> <span class='ocrx_word' id='word_1_335' title='bbox 628 3228 761 3295; x_wconf 86' lang='grc' dir='ltr'><strong><em>θνήσκων</em></strong></span> <span class='ocrx_word' id='word_1_336' title='bbox 780 3228 890 3297; x_wconf 89' lang='grc' dir='ltr'><strong><em>ἐκεινην</em></strong></span> <span class='ocrx_word' id='word_1_337' title='bbox 908 3225 1025 3282; x_wconf 89' lang='grc' dir='ltr'><strong><em>ἀπέλιπε</em></strong></span> <span class='ocrx_word' id='word_1_338' title='bbox 1043 3232 1145 3299; x_wconf 90' lang='grc' dir='ltr'><strong><em>κληρο-</em></strong></span> 
     </span>
     <span class='ocr_line' id='line_1_43' title="bbox 130 3296 1145 3371; baseline 0.004 -19"><span class='ocrx_word' id='word_1_339' title='bbox 130 3296 225 3366; x_wconf 91' lang='grc' dir='ltr'><strong><em>νόμον.</em></strong></span> <span class='ocrx_word' id='word_1_340' title='bbox 264 3298 315 3360; x_wconf 81' lang='grc' dir='ltr'><strong><em>Εἰς</em></strong></span> <span class='ocrx_word' id='word_1_341' title='bbox 338 3296 353 3353; x_wconf 83' lang='grc' dir='ltr'><strong><em>ὃ</em></strong></span> <span class='ocrx_word' id='word_1_342' title='bbox 376 3299 411 3368; x_wconf 82' lang='grc' dir='ltr'><strong><em>δή</em></strong></span> <span class='ocrx_word' id='word_1_343' title='bbox 435 3298 551 3368; x_wconf 89' lang='grc' dir='ltr'><strong><em>μάλιστα</em></strong></span> <span class='ocrx_word' id='word_1_344' title='bbox 573 3300 786 3369; x_wconf 79' lang='grc' dir='ltr'><strong><em>λοιδορούμενος</em></strong></span> <span class='ocrx_word' id='word_1_345' title='bbox 810 3299 825 3353; x_wconf 87' lang='grc' dir='ltr'><strong><em>ὁ</em></strong></span> <span class='ocrx_word' id='word_1_346' title='bbox 844 3303 953 3366; x_wconf 86' lang='grc' dir='ltr'><strong><em>Καῖσαρ</em></strong></span> <span class='ocrx_word' id='word_1_347' title='bbox 973 3305 1011 3371; x_wconf 80' lang='grc' dir='ltr'><strong><em>τῷ</em></strong></span> <span class='ocrx_word' id='word_1_348' title='bbox 1030 3300 1145 3356; x_wconf 88' lang='grc' dir='ltr'><strong><em>Κάτωνι</em></strong></span> 
     </span>
     <span class='ocr_line' id='line_1_44' title="bbox 130 3367 1145 3443; baseline 0.004 -21"><span class='ocrx_word' id='word_1_349' title='bbox 130 3367 330 3436; x_wconf 89' lang='grc' dir='ltr'><strong><em>φιλοπλουτίαν</em></strong></span> <span class='ocrx_word' id='word_1_350' title='bbox 353 3367 488 3438; x_wconf 89' lang='grc' dir='ltr'><strong><em>προφέρει</em></strong></span> <span class='ocrx_word' id='word_1_351' title='bbox 506 3372 559 3424; x_wconf 78' lang='grc' dir='ltr'><strong><em>’καὶ</em></strong></span> <span class='ocrx_word' id='word_1_352' title='bbox 583 3368 755 3439; x_wconf 89' lang='grc' dir='ltr'><strong><em>μισθαρνίαν</em></strong></span> <span class='ocrx_word' id='word_1_353' title='bbox 779 3370 825 3424; x_wconf 80' lang='grc' dir='ltr'><strong><em>ἐπὶ</em></strong></span> <span class='ocrx_word' id='word_1_354' title='bbox 847 3375 885 3442; x_wconf 77' lang='grc' dir='ltr'><strong><em>τῷ</em></strong></span> <span class='ocrx_word' id='word_1_355' title='bbox 909 3368 995 3443; x_wconf 77' lang='grc' dir='ltr'><strong><em>γάμῳ.</em></strong></span> <span class='ocrx_word' id='word_1_356' title='bbox 1036 3369 1072 3426; x_wconf 89' lang='grc' dir='ltr'><strong><em>Τί</em></strong></span> <span class='ocrx_word' id='word_1_357' title='bbox 1091 3372 1145 3443; x_wconf 81' lang='grc' dir='ltr'><strong><em>γάρ</em></strong></span> 
     </span>
     <span class='ocr_line' id='line_1_45' title="bbox 130 3437 1146 3512; baseline 0.006 -20"><span class='ocrx_word' id='word_1_358' title='bbox 130 3437 186 3493; x_wconf 88' lang='grc' dir='ltr'><strong><em>ἐδει</em></strong></span> <span class='ocrx_word' id='word_1_359' title='bbox 214 3449 391 3510; x_wconf 82' lang='grc' dir='ltr'><strong><em>παραχωρεῖν</em></strong></span> <span class='ocrx_word' id='word_1_360' title='bbox 418 3438 552 3509; x_wconf 88' lang='grc' dir='ltr'><strong><em>δεόμενον</em></strong></span> <span class='ocrx_word' id='word_1_361' title='bbox 574 3442 707 3512; x_wconf 85' lang='grc' dir='ltr'><strong><em>γυναικός</em></strong></span> <span class='ocrx_word' id='word_1_362' title='bbox 734 3440 751 3510; x_wconf 79' lang='grc' dir='ltr'>ἢ</span> <span class='ocrx_word' id='word_1_363' title='bbox 779 3439 805 3495; x_wconf 94' lang='grc' dir='ltr'><strong><em>τί</em></strong></span> <span class='ocrx_word' id='word_1_364' title='bbox 833 3440 869 3510; x_wconf 82' lang='grc' dir='ltr'><strong><em>μή</em></strong></span> <span class='ocrx_word' id='word_1_365' title='bbox 897 3438 1033 3510; x_wconf 89' lang='grc' dir='ltr'><strong><em>δεόμενον</em></strong></span> <span class='ocrx_word' id='word_1_366' title='bbox 1057 3439 1146 3506; x_wconf 79' lang='grc' dir='ltr'><strong><em>αὖθις</em></strong></span> 
     </span>
    </p>
   </div>
   <div class='ocr_carea' id='block_1_6' title="bbox 130 3509 1146 3656">
    <p class='ocr_par' dir='ltr' id='par_1_10' title="bbox 130 3509 1146 3656">
     <span class='ocr_line' id='line_1_46' title="bbox 130 3509 1146 3604; baseline 0.003 -40"><span class='ocrx_word' id='word_1_367' title='bbox 130 3509 349 3582; x_wconf 81' lang='grc' dir='ltr'><strong><em>ἀναλαμβάνειν,</em></strong></span> <span class='ocrx_word' id='word_1_368' title='bbox 373 3511 398 3566; x_wconf 85' lang='grc' dir='ltr'><strong><em>εί</em></strong></span> <span class='ocrx_word' id='word_1_369' title='bbox 416 3511 452 3581; x_wconf 86' lang='grc' dir='ltr'><strong><em>μὴ</em></strong></span> <span class='ocrx_word' id='word_1_370' title='bbox 471 3509 567 3580; x_wconf 90' lang='grc' dir='ltr'><strong><em>δέλεαρ</em></strong></span> <span class='ocrx_word' id='word_1_371' title='bbox 587 3512 615 3578; x_wconf 84' lang='grc' dir='ltr'><strong><em>ἐξ</em></strong></span> <span class='ocrx_word' id='word_1_372' title='bbox 634 3514 721 3604; x_wconf 79' lang='grc' dir='ltr'><strong><em>ἀρχῆς</em></strong></span> <span class='ocrx_word' id='word_1_373' title='bbox 738 3510 845 3582; x_wconf 80' lang='grc' dir='ltr'><strong><em>ὑφείθη</em></strong></span> <span class='ocrx_word' id='word_1_374' title='bbox 864 3512 895 3566; x_wconf 86' lang='grc' dir='ltr'><strong><em>τὸ</em></strong></span> <span class='ocrx_word' id='word_1_375' title='bbox 914 3512 1033 3583; x_wconf 83' lang='grc' dir='ltr'><strong><em>γῦναιον</em></strong></span> <span class='ocrx_word' id='word_1_376' title='bbox 1048 3511 1146 3585; x_wconf 90' lang='grc' dir='ltr'><strong><em>Ὁρτη-</em></strong></span> 
     </span>
     <span class='ocr_line' id='line_1_47' title="bbox 130 3579 861 3656; baseline 0.005 -23"><span class='ocrx_word' id='word_1_377' title='bbox 130 3579 180 3654; x_wconf 84' lang='grc' dir='ltr'><strong><em>σίῳ</em></strong></span> <span class='ocrx_word' id='word_1_378' title='bbox 199 3584 248 3637; x_wconf 87' lang='grc' dir='ltr'><strong><em>καλ</em></strong></span> <span class='ocrx_word' id='word_1_379' title='bbox 266 3580 334 3638; x_wconf 92' lang='grc' dir='ltr'><strong><em>νέαν</em></strong></span> <span class='ocrx_word' id='word_1_380' title='bbox 354 3582 479 3653; x_wconf 81' lang='grc' dir='ltr'><strong><em>έχρησεν,</em></strong></span> <span class='ocrx_word' id='word_1_381' title='bbox 499 3582 547 3638; x_wconf 78' lang='grc' dir='ltr'><strong><em>ἵνα</em></strong></span> <span class='ocrx_word' id='word_1_382' title='bbox 565 3587 701 3639; x_wconf 89' lang='grc' dir='ltr'><strong><em>πλουσιαν</em></strong></span> <span class='ocrx_word' id='word_1_383' title='bbox 719 3582 861 3656; x_wconf 79' lang='grc' dir='ltr'><strong><em>ἀπολάβη;</em></strong></span> 
     </span>
    </p>
   </div>
   <div class='ocr_carea' id='block_1_7' title="bbox 0 0 1212 3968">
    <p class='ocr_par' dir='ltr' id='par_1_11' title="bbox 0 0 1212 3968">
     <span class='ocr_line' id='line_1_48' title="bbox 0 0 1212 3968; baseline 0 0"><span class='ocrx_word' id='word_1_384' title='bbox 0 0 1212 3968; x_wconf 95' lang='lat' dir='ltr'><strong><em> </em></strong></span> 
     </span>
    </p>
   </div>
  </div>
 </body>
</html>
