2414 3968
144 209 188 274 50
323 268 328 274 ,
480 208 628 264 BELLUM
645 208 815 264 AFRICUM.

141 352 226 417 bona
247 374 422 437 paucorum
444 352 572 436 publice
595 352 714 437 vendit,
737 352 851 418 deinde
868 350 989 418 Alieno
1006 354 1162 438 praetori,

141 450 198 534 qui
221 448 365 515 Siciliam
388 449 563 532 obtinebat,
590 448 629 513 de
652 449 802 514 omnibus
825 449 921 514 rebus
942 449 1108 534 praecipit
1130 453 1162 515 et

105 545 181 610 ede
208 546 331 631 reliquo
360 547 502 612 exercitu
530 545 676 610 celeriter
703 545 905 629 imponendo.
951 545 1050 611 Datis
1072 569 1160 611 man·

140 642 224 706 datis
251 643 320 727 ipse
346 666 460 708 navem
487 642 672 707 conscendit
700 664 727 706 a.
751 643 780 707 d.
803 660 841 707 v1
863 641 935 706 Kal
959 641 1029 708 Ian.
1053 647 1088 708 et
1114 666 1159 709 re

107 737 245 822 aliquas
276 763 374 805 naves
401 739 513 804 statim
540 743 589 803 est
617 744 816 804 consecutus.
865 737 917 803 Ita
942 744 1044 806 vento
1071 746 1160 806 certo

142 835 300 920 celerique
316 836 445 922 navigio
459 839 571 901 vectus
589 840 664 919 post
683 836 767 901 diem
787 840 937 920 quartum
956 858 1033 901 cum
1050 839 1159 924 longis

141 932 252 1015 paucis
279 933 415 997 navibus
442 932 476 995 in
504 935 710 1015 conspectum
732 931 862 997 Africae
883 933 987 1019 venit3
1016 957 1159 1020 namque

143 1029 305 1093 onerariae
323 1028 464 1112 reliquae
481 1032 608 1113 praeter
625 1050 743 1112 paucas
761 1034 858 1095 vento
877 1030 1043 1114 dispersae
1061 1037 1158 1118 atque

108 1125 339 1196 cerrabundac
375 1125 501 1190 diversa
537 1125 608 1190 loca
641 1126 809 1209 petierant.
864 1124 1018 1211 Clupeam
1056 1128 1156 1194 classe

143 1221 404 1307 praeserventur,
428 1223 501 1288 dein
521 1221 709 1308 Neapolim;
732 1223 897 1307 complura
918 1228 1088 1307 praetcrea
1109 1248 1156 1292 ca·

144 1318 238 1383 stella
259 1323 292 1384 et
314 1320 431 1404 oppida
453 1343 519 1385 non
542 1320 638 1405 longe
661 1321 784 1386 amari
805 1320 967 1405 relinquit.

109 1438 123 1486 1
209 1413 267 1481 ΙΠ.
302 1416 479 1501 Postquam
502 1418 546 1482 cd
562 1415 798 1482 Hadrumetum
821 1417 963 1502 accessit,
986 1418 1046 1484 ubi
1068 1442 1155 1504 prae

144 1514 261 1579 sidium
284 1518 353 1579 erat
375 1513 644 1598 adversariorum,
670 1515 722 1579 cui
744 1518 890 1598 praeerat
916 1512 950 1578 0.
974 1513 1155 1603 Considius,

144 1615 177 1675 et
195 1633 214 1674 a
231 1609 361 1694 Clupeis
383 1611 557 1675 secundum
581 1632 670 1674 oram
693 1611 888 1675 maritimam
911 1632 984 1676 cum
1007 1613 1155 1698 equitatu

143 1705 378 1770 Hadrumetum
390 1712 497 1787 petens
515 1704 570 1770 On.
584 1705 661 1771 Piso
676 1729 748 1772 cum
762 1707 884 1772 Mauris
902 1708 1032 1774 circiter
1049 1712 1155 1777 tribus

144 1802 275 1866 milibus
308 1802 468 1886 apparuit,
499 1802 546 1866 ibi
576 1802 740 1887 paulisper
771 1801 886 1868 Caesar
918 1808 992 1869 anto
1022 1811 1154 1890 portum

144 1902 372 1982 commoratus,
395 1897 472 1962 dum
494 1897 635 1982 reliquae
658 1921 755 1965 naves
778 1900 998 1985 convenirent,
1020 1906 1155 1989 exponit

145 1995 332 2080 exercitum,
360 1994 451 2059 cuius
478 2016 630 2060 numerus
657 1996 692 2061 in
718 1996 898 2079 praesentia
921 1995 986 2060 fuit
1006 1999 1154 2082 peditum

144 2111 184 2158 111
205 2091 308 2176 milia,
335 2091 459 2175 equites
483 2107 541 2176 cn,
564 2093 741 2178 castrisque
763 2098 837 2158 ante
860 2093 1015 2177 oppidum
1037 2098 1155 2180 positis

144 2191 213 2256 sine
239 2189 357 2254 iniuria
385 2189 573 2274 cuiusquam
605 2190 743 2256 considit
773 2190 964 2274 cohibetque
995 2213 1110 2260 omnes
1136 2217 1155 2260 a

110 2288 269 2373 apraeda.
318 2285 478 2371 Oppidani
509 2287 639 2352 interim
670 2309 780 2352 muros
814 2287 945 2351 armatis
982 2290 1154 2377 complent,

144 2391 217 2451 ante
239 2390 365 2469 portam
386 2384 570 2468 frequentes
593 2384 766 2450 considunt
788 2385 829 2448 ad
851 2407 885 2449 se
906 2384 1153 2473 defendendum

110 2500 126 2546 3
145 2505 281 2568 quorum
298 2503 451 2546 numerus
469 2481 604 2545 duarum
621 2479 785 2566 legionum
803 2481 906 2545 instar
923 2485 1000 2546 erat.
1037 2482 1154 2551 caesar

144 2581 264 2644 circum
286 2577 440 2662 oppidum
457 2580 568 2641 vectus
589 2581 705 2641 natura
725 2577 789 2643 loci
811 2581 978 2662 perspecta
999 2578 1100 2646 rediit
1119 2582 1153 2647 in

109 2680 256 2741 ceastre.
310 2673 479 2738 Nonnemo
516 2672 627 2756 culpae
663 2675 732 2739 cius
767 2675 1066 2762 imprudentiaeque
1102 2680 1152 2745 ad·

145 2772 302 2857 signabat,
325 2769 411 2855 quod
428 2790 531 2854 neque
550 2770 670 2835 circum
688 2771 760 2835 loca
777 2771 1046 2856 gubernatoribus
1065 2796 1153 2859 prae

144 2868 313 2951 sectisque,
341 2866 419 2951 quid
444 2869 602 2951 peterent,
629 2870 834 2951 praeceperat
860 2888 977 2952 neque,
1004 2872 1043 2933 ut
1064 2893 1152 2937 more

145 2966 284 3029 omnium
325 2963 427 3047 ipsius
465 2964 660 3028 consuetudo
697 2963 917 3047 superioribus
952 2967 1153 3049 temporibus

145 3060 263 3144 fuerat,
294 3059 428 3125 tabellas
460 3059 603 3144 signatas
631 3060 773 3145 dederat,
804 3065 843 3125 ut
868 3061 903 3125 in
929 3065 1077 3145 tempore
1102 3064 1153 3130 his

111 3156 294 3241 sperlectis
320 3157 426 3221 locum
453 3161 575 3222 certum
602 3160 747 3241 peterent
774 3156 924 3221 universi.
975 3155 1071 3233 Quod
1097 3160 1153 3224 mi·

145 3254 231 3318 nime
246 3253 411 3319 Gaesarem
425 3253 594 3339 fefellerat3
612 3274 750 3338 namque
766 3252 892 3318 nullum
904 3259 1037 3337 portum
1050 3260 1153 3322 terrae

145 3349 286 3435 Africae,
324 3372 386 3434 quo
423 3351 540 3416 classes
578 3351 794 3435 decurrerent,
829 3372 888 3434 pro
923 3355 1011 3417 certo
1046 3357 1154 3419 tutum

147 3447 187 3510 ab
218 3448 361 3513 hostium
387 3448 544 3530 praesidio
571 3447 640 3511 lore
668 3447 903 3531 suspicabatur,
935 3448 992 3512 sod
1017 3446 1154 3515 fortuito

147 3543 287 3609 oblatam
311 3543 508 3609 occasionem
532 3564 679 3628 egressus
703 3544 928 3627 aucupabatur.

72 3652 120 3740 k
