2414 3968
436 192 512 248 OAP.
530 193 734 248 Lllll-LVIII.
1047 195 1089 259 81

81 337 267 420 loquentem
290 336 462 401 viderunt
484 335 591 421 Scipio
614 337 718 402 mittit
741 337 782 401 ad
798 335 987 422 Aquinium,
1008 338 1125 403 nihile

82 435 225 498 adtinere
254 456 327 499 cum
356 456 429 498 cum
456 434 646 498 adversariis
673 434 831 518 conloqui.
882 433 962 499 Cum
989 434 1091 499 nihilo

49 596 51 600 a
82 533 189 597 minus
218 532 287 597 eius
316 553 495 596 sermonem
524 531 657 595 nuntius
685 532 726 594 ad
750 530 925 614 Scipionem
950 531 1091 614 referret,

82 629 140 692 sed
157 628 180 712 †
198 632 329 712 restare,
351 632 389 693 ut
407 626 539 711 reliqua,
562 650 643 712 qnae
661 627 768 713 vellet,
790 633 965 713 perageret,
986 629 1092 693 viator

82 728 249 809 praeterea
271 725 311 788 ab
333 723 414 789 Iuba
437 724 477 787 ad
500 746 574 789 enm
596 729 646 790 est
668 725 795 809 missus,
819 726 875 809 qui
898 726 1016 790 diceret
1039 746 1092 789 au·

83 821 190 885 diente
214 819 363 885 Saserna:
392 819 506 886 ‘Vetat
527 827 560 886 te
583 845 641 886 rex
664 822 839 906 conloqui'.
885 822 955 899 Quo
977 822 1127 887 nuntios

83 918 274 1003 perterrItus
302 917 449 983 discessit
476 923 509 982 et
537 918 622 983 dicto
651 918 782 984 audiens
809 918 873 983 fuit
899 918 976 1004 regi.
1020 917 1092 983 Usu

83 1014 209 1080 venisse
227 1014 290 1079 hoc
308 1015 370 1079 civi
384 1015 531 1080 Romano
550 1020 582 1080 ct
605 1016 644 1101 ei,
667 1017 723 1101 qui
745 1017 785 1080 ab
808 1016 928 1100 populo
946 1016 1093 1080 Romano

83 1112 221 1176 honores
250 1113 437 1197 accepisset,
465 1113 619 1177 incolumi
641 1113 746 1197 patria
768 1113 970 1197 fortunisque
993 1111 1100 1177 omni*

83 1209 145 1273 bus
162 1207 261 1273 Iubae
279 1208 416 1273 barbaro
434 1209 543 1293 potius
558 1210 778 1275 oboedientem
795 1209 905 1293 fuisse,
923 1232 1019 1293 qnam
1038 1212 1094 1272 aut

84 1304 246 1390 Scipionis
270 1307 507 1390 obtemperasse
529 1307 643 1373 nuntio
666 1311 723 1371 aut
741 1306 842 1382 caesis
860 1306 1001 1372 eiusdem
1023 1327 1093 1390 par·

83 1403 127 1467 tis
150 1404 274 1468 civibus
298 1403 491 1468 incolumem
513 1403 631 1467 reverti
652 1401 761 1466 mallet
790 1401 899 1486 Atque
922 1402 1020 1466 etiam
1042 1423 1093 1466 su·
1111 1419 1129 1466 4
1187 1486 1190 1493 Ι

84 1499 215 1585 perbins
237 1499 337 1565 Iubae
358 1501 481 1565 factum
503 1522 568 1564 non
591 1500 625 1564 in
647 1499 691 1563 M.
713 1497 905 1583 Aquinium,
929 1498 1093 1562 hominem

85 1619 205 1663 novum
232 1619 431 1682 parvumque
454 1601 647 1682 senatorem,
674 1596 731 1661 sed
758 1597 793 1660 in
817 1595 1012 1680 Scipionem,
1037 1595 1093 1659 ho·

85 1695 205 1758 minem
228 1694 285 1757 illa
306 1695 444 1778 familia,
472 1695 643 1779 dignitate,
670 1693 847 1757 honoribus
869 1696 1093 1777 praestantem.

84 1789 233 1874 Namque
253 1812 325 1855 oum
345 1790 452 1875 Scipio
471 1790 583 1875 sagulo
604 1811 765 1874 purpureo
785 1794 858 1854 ante
876 1791 962 1875 regis
981 1789 1094 1854 adven·
1113 1806 1129 1854 5

86 1891 157 1950 tum
179 1887 228 1950 uti
251 1887 367 1950 solitus
389 1891 483 1971 esset,
506 1889 625 1953 dicitnr
642 1886 723 1952 Iuba
741 1909 815 1951 cum
833 1909 871 1952 eo
895 1888 1008 1971 egisse,
1030 1909 1095 1951 non

88 1986 234 2066 oportere
258 1982 350 2046 illum
373 1982 484 2047 eodem
506 1987 554 2049 ati
575 1984 708 2068 vestitu,
731 1988 827 2068 atque
850 1985 919 2068 ipse
942 1988 1094 2049 uteretur.

86 2077 201 2162 Itaque
228 2078 349 2142 factum
373 2083 435 2162 est,
464 2084 501 2144 ut
525 2079 632 2165 Scipio
656 2081 697 2143 ad
719 2080 828 2144 album
850 2103 919 2146 sese
941 2081 1095 2145 vestitum
1114 2096 1130 2144 6

88 2174 276 2239 transferret
298 2179 331 2239 et
355 2173 462 2260 Iubae,
485 2175 610 2240 homini
628 2175 857 2259 superbissimo
881 2177 1095 2260 ineptissimo·

89 2295 160 2358 que,
183 2273 426 2355 obtemperaret.

154 2367 272 2434 LVIII.
312 2367 447 2447 Postero
476 2368 526 2432 die
556 2369 721 2433 universas
749 2368 892 2433 omnium
921 2369 1029 2451 copias
1057 2369 1130 2432 der

88 2467 202 2542 castris
231 2465 379 2531 omnibus
408 2466 548 2530 educunt
570 2470 603 2530 et
630 2465 836 2548 supercilium
860 2464 1021 2549 quoddam
1045 2486 1096 2545 ex-

89 2565 209 2629 celsum
231 2563 319 2627 nacti
340 2584 406 2627 non
433 2562 529 2647 longe
552 2584 571 2625 a
594 2560 737 2628 Caesaris
761 2562 874 2626 castris
901 2561 1002 2626 aciem
1024 2581 1095 2625 con·

48 2736 50 2740 ,
89 2662 230 2725 stituunt
257 2665 353 2745 atquc
385 2659 432 2724 ibi
459 2660 649 2729 consistunt.
699 2658 814 2724 Caesar
843 2659 921 2723 item
948 2658 1132 2742 producite

89 2759 197 2843 copias
217 2757 424 2841 celeriterque
447 2756 488 2820 iis
511 2756 677 2821 instructis
700 2761 774 2822 ante
797 2778 871 2821 suas
893 2755 1097 2840 munitiones,

90 2877 171 2940 quae
190 2858 280 2918 erant
298 2854 332 2918 in
352 2875 473 2938 campo,
496 2854 674 2938 constituit,
696 2854 765 2918 sine
789 2853 886 2917 dnbio
911 2852 1097 2917 existimans

89 2952 176 3015 ultro
200 2951 410 3035 adversarios,
438 2972 511 3014 cum
538 2954 605 3014 tam
632 2951 759 3035 magnis
782 2950 883 3034 copiis
906 2948 1098 3033 auxiliisque

90 3048 176 3131 regis
199 3051 306 3113 essent
326 3047 464 3131 praediti
491 3047 735 3131 promptiusque
758 3047 997 3131 prosiluissent,
1024 3051 1098 3110 ante

91 3166 125 3208 se
155 3166 364 3209 concursuros
393 3144 589 3228 propiusque
620 3166 654 3209 se
681 3165 871 3208 accessuros.
916 3143 1011 3227 Equo
1040 3144 1132 3208 cir-a

92 3246 275 3306 cumvectus
297 3242 504 3326 legionesque
523 3241 708 3305 cohortatus
730 3241 822 3326 signo
843 3241 917 3304 dato
936 3261 1098 3304 accessum

91 3338 235 3401 hostium
258 3339 484 3422 aucupabatur.
524 3336 599 3422 Ipse
622 3338 707 3402 enim
730 3361 749 3401 a
771 3338 838 3402 suis
862 3338 1098 3402 munitionibus
1117 3354 1134 3400 4

90 3434 221 3519 longius
235 3456 301 3504 non
314 3436 382 3500 sine
396 3437 520 3501 ratione
533 3455 596 3499 noa
613 3435 813 3520 procedebat,
833 3435 918 3519 quod
931 3435 965 3498 in
980 3434 1098 3517 oppido

90 3530 218 3614 Uzitae,
247 3531 332 3615 quod
355 3529 462 3615 Scipio
489 3532 632 3615 tenebat,
661 3531 805 3598 hostium
832 3536 922 3598 erant
950 3531 1098 3596 cohortes

148 3643 172 3684 c.
186 3643 291 3685 ruerus
307 3643 430 3685 ennena.
457 3645 500 3685 rn.
925 3641 940 3688 6
