2414 3968
158 179 222 244 114
452 179 600 235 BELLUM
617 178 872 236 fflspnumusn.

120 343 137 389 4
156 325 354 410 accederent,
382 347 416 390 se
439 329 567 390 scutum
590 348 658 391 esse
681 326 876 410 positurum.
928 327 1013 406 Qua
1038 353 1099 416 spe
1122 352 1169 396 non

155 423 250 509 nulli,
277 424 354 488 dum
382 424 451 488 sine
479 422 622 507 periculo
650 445 778 488 murum
801 425 989 493 ascendere
1016 433 1054 494 et
1078 429 1169 514 oppid

156 522 254 606 potiri
281 544 376 606 posse
404 544 438 586 se
466 525 610 606 sperant,
636 526 766 606 postero
794 521 846 587 die
874 523 919 588 ad
944 547 1093 593 murum
1116 548 1169 612 opu

156 621 259 686 facere
287 623 475 704 coeperunt,
502 624 536 684 et
562 618 643 684 bene
671 640 788 704 magna
817 619 942 704 prioris
976 624 1075 690 muri
1107 628 1169 710 part

122 719 280 783 sdeiecta
300 768 418 783 ......
441 716 512 793 Quo
540 715 626 781 facto
655 716 695 781 ab
719 717 905 802 oppidanis,
935 741 981 785 ac
1007 722 1040 787 si
1065 743 1169 788 suumn

157 816 298 902 partium
322 818 443 900 essent,
468 815 648 879 conservati
670 865 810 880 .......
831 814 957 880 missos
984 818 1101 884 facere
1122 817 1168 883 lon'

157 918 259 997 catos,
292 913 347 997 qui
379 911 532 996 praesidii
560 933 656 976 causa
682 910 858 997 praepositi
887 915 1023 998 oppido
1055 939 1077 982 a
1104 916 1169 982 Pon

156 1012 228 1096 peio
253 1014 368 1094 essent,
392 1008 535 1075 orabant.
577 1009 702 1086 Quibus
721 1009 889 1095 respondit
907 1008 1042 1080 Caesar
1068 1039 1104 1082 se
1122 1037 1169 1080 oon·

125 1108 303 1173 aditiones
340 1108 429 1191 dare,
465 1129 529 1172 non
564 1108 706 1192 accipere
742 1108 962 1174 consuevisse.
1024 1111 1086 1178 Illi
1122 1133 1169 1178 cun

156 1207 189 1270 in
214 1205 368 1291 oppidum
391 1205 608 1290 revertissent,
632 1205 735 1271 relato
757 1227 914 1291 responso
940 1208 1099 1276 clamore
1121 1210 1169 1276 sub

155 1305 221 1369 lato
250 1305 339 1368 omni
367 1325 483 1389 genere
511 1303 650 1369 telorum
679 1305 796 1369 emisso
824 1325 976 1391 pugnare
1008 1332 1077 1394 pro
1100 1328 1169 1376 mnu

156 1407 226 1468 toto
254 1405 442 1486 coeperunt3
473 1405 607 1486 propter
633 1402 721 1487 quod
743 1402 810 1467 fere
832 1423 955 1488 magna
980 1429 1067 1490 pars
1091 1405 1169 1474 honi

156 1524 246 1586 num,
279 1499 335 1584 qui
367 1498 402 1562 in
434 1499 548 1564 castris
579 1500 700 1565 nostris
728 1504 848 1584 essent,
880 1522 948 1565 non
981 1504 1169 1585 dubitarunt

123 1600 236 1684 7quin
268 1597 470 1681 eruptionem
503 1618 540 1660 eo
573 1597 624 1662 die
656 1603 764 1662 essent
795 1597 921 1663 facturi.
977 1599 1036 1667 Ita
1074 1621 1169 1669 coron

157 1695 353 1762 circumdata
379 1697 560 1778 pugnatum
587 1697 638 1759 est
661 1694 859 1779 aliquamdiu
882 1693 1169 1781 vehementissime,

157 1792 317 1876 simulque
339 1789 471 1855 ballista
497 1791 598 1857 missa
621 1814 640 1856 a
662 1793 783 1856 nostris
806 1796 929 1857 turrem
955 1794 1099 1884 deiecit,
1126 1816 1168 1882 qu

157 1889 423 1973 adversariorum,
445 1889 501 1972 qui
520 1888 553 1952 in
572 1912 609 1954 ea
627 1893 716 1954 turre
734 1889 872 1974 fuerant,
895 1891 1051 1978 quinque
1073 1891 1168 1963 deiecti

157 1991 234 2052 sunt
257 1991 290 2051 et
311 2008 405 2070 puer,
429 1986 484 2070 qui
507 1986 671 2053 ballistam
694 1987 811 2053 solitus
834 1991 903 2053 erat
926 1988 1122 2061 observare.

122 2102 135 2148 1
223 2082 329 2150 XIIII.
374 2082 455 2147 Elius
487 2085 653 2168 praeteriti
684 2085 840 2170 temporis
874 2084 1063 2172 Pompeius
1098 2098 1168 2158 trau

156 2185 276 2249 fiumen
304 2180 432 2247 Salsum
464 2182 632 2247 castellum
663 2184 833 2249 constituis
864 2205 972 2267 neque
1007 2210 1029 2252 a
1064 2189 1168 2258 nostis

156 2280 340 2366 prohibitus
369 2278 513 2364 falsaque
541 2279 598 2344 illa
625 2282 776 2366 opinione
804 2281 964 2367 gloriatus
994 2292 1066 2374 est,
1102 2284 1169 2376 quod

122 2395 255 2465 2prope
284 2380 318 2443 in
345 2377 465 2442 nostris
492 2378 640 2462 partibus
667 2378 774 2445 locum
802 2379 970 2444 tenuisset.
1020 2383 1115 2453 Item
1138 2388 1169 2452 in·

156 2477 303 2562 sequenti
331 2476 382 2540 die
410 2475 520 2539 eadem
548 2477 778 2542 consuetudine
807 2477 883 2541 dum
910 2475 1053 2564 longius
1078 2506 1169 2570 prose

157 2575 280 2659 quitur,
308 2594 371 2657 quo
399 2571 470 2637 loco
499 2573 623 2656 equites
650 2575 753 2639 nostri
781 2575 954 2639 stationem
983 2577 1169 2664 habuerant

156 2670 280 2756 aliquot
309 2674 433 2734 turmae
462 2691 533 2734 cum
561 2669 626 2735 levi
654 2676 817 2736 armatura
843 2672 968 2757 impetu
993 2675 1092 2746 facto
1114 2681 1169 2747 lou

157 2773 232 2832 sunt
255 2767 370 2832 deiecti
394 2769 427 2831 et
449 2771 582 2852 propter
603 2769 798 2852 paucitatem
821 2774 1011 2837 nostrorum
1032 2780 1169 2863 equitum

157 2865 254 2930 simul
282 2887 355 2931 oum
382 2864 447 2929 levi
475 2868 639 2930 armatura
661 2867 746 2931 inter
769 2871 893 2932 turmas
916 2868 1169 2943 adversariorum

122 2963 296 3047 sprotriti.
353 2961 426 3027 Hoc
465 2963 499 3026 in
536 2969 708 3048 conspectu
745 2970 955 3050 utrorumque
995 2978 1169 3041 castrorum

158 3050 337 3145 gerebatur,
360 3063 393 3125 et
415 3061 536 3125 maiore
554 3061 743 3146 Pompeiani
762 3062 950 3128 exultabant
969 3065 1094 3157 gloria,
1118 3073 1169 3138 lon·

122 3176 139 3222 4
159 3159 231 3244 gius
255 3158 341 3242 quod
364 3158 484 3222 nostris
503 3159 689 3225 cedentibus
707 3161 859 3245 prosequi
878 3161 1078 3245 coepissent.
1121 3167 1169 3248 Qui

157 3278 230 3320 cum
260 3276 361 3338 aequo
388 3254 459 3318 loco
489 3278 507 3319 a
534 3257 654 3321 nostris
677 3259 799 3343 recepti
821 3262 941 3343 essent,
964 3265 1004 3326 ut
1028 3286 1169 3333 consues-

158 3357 242 3437 sent,
279 3374 319 3416 ex
351 3351 449 3416 simili
481 3354 602 3419 virtute
635 3355 773 3420 clamore
805 3356 891 3421 facto
924 3365 1072 3429 aversati
1106 3366 1169 3430 sunt

157 3448 315 3534 proelium
337 3449 449 3514 facere.

123 3563 138 3610 1
224 3545 294 3611 XV.
328 3545 408 3612 Fere
427 3549 512 3632 apud
530 3551 689 3616 exercitus
708 3551 788 3618 haee
806 3558 855 3619 est
874 3556 1037 3639 equestris
1062 3557 1169 3645 proelii

81 3678 121 3736 h
