2414 3968
40 341 63 371 ι
72 342 94 371 u.
104 341 125 370 ο.

52 383 112 425 naa

63 437 109 490 (⁵4)

140 187 206 250 206
356 185 384 240 C.
403 185 490 241 IULII
508 184 681 241 CAESARIS
699 183 937 240 FRAGMENTA

140 330 172 384 in
189 335 286 384 screatu
299 329 439 384 sententiis
453 345 658 400 oppupnassem,
671 345 755 397 neque
769 334 825 382 tam
839 327 918 383 illius
933 328 1069 384 laedendi
1083 347 1162 384 cansa

140 418 222 470 quam
247 400 410 468 deferederidi
433 406 513 468 atque
531 400 652 454 arnaudi
671 398 798 465 Catonis;
819 404 883 467 post
908 405 1005 455 autem
1029 400 1163 466 Caesaris,

139 479 171 527 nt
189 473 269 525 illum
286 471 462 538 defenderem,
480 472 553 525 mira
570 471 705 525 cententio
723 477 761 524 est
778 475 930 524 cursicuta.

212 543 266 597 Cic.
281 544 319 597 ad
332 542 389 597 Aa.
405 542 459 609 IV,
469 546 514 608 16,
525 546 549 596 7.
582 542 632 596 Ba
649 542 747 608 fratris
766 541 863 595 litteris
881 542 1068 598 incredibilia
1087 561 1163 614 piae·

140 615 205 668 dam
218 615 251 668 de
266 614 392 668 Caesaris
409 614 440 666 iu
459 631 499 667 me
513 629 603 667 amare
616 614 737 682 capuaci,
756 629 838 680 caque
851 618 919 667 suut
932 613 1027 681 ipsius
1039 614 1165 670 Caesaris

139 686 284 740 uberrimis
303 686 399 740 litteris
417 685 585 750 confirmata.
613 684 776 738 Britannici
790 683 852 737 belli
866 684 958 738 exitus
1156 729 1163 752 ‚

139 763 244 811 caestu
262 757 334 811 enirn
352 756 445 811 aditus
463 756 571 810 insulae
589 772 642 810 esse
655 755 775 809 munitas
788 754 913 820 mirificis
927 756 1068 824 molibus;
1088 759 1166 813 etiam

139 829 211 881 illud
233 829 291 882 iam
313 827 451 897 capnitum
468 833 519 895 est,
542 843 626 896 neque
645 827 752 897 arpenti
768 825 920 894 scripulum
939 842 997 882 esse
1021 829 1118 883 ullum
1138 831 1166 883 in

139 899 191 952 illa
218 899 312 953 insula
338 916 423 967 neque
445 899 532 951 ullam
556 915 629 966 spem
652 897 773 966 praedae
799 896 856 951 nisi
879 913 914 952 ea
937 900 1110 969 mancipiis,
1137 917 1167 956 eu

137 971 238 1040 quibus
256 970 347 1024 nullos
362 975 431 1039 puto
448 976 473 1024 te
492 969 588 1024 litteris
606 975 656 1024 aut
674 969 784 1023 musicis
802 967 924 1023 eruditos
943 978 1116 1039 exspectare.

465 1111 523 1165 AD
545 1112 574 1164 T.
595 1109 828 1165 LABIENUM.

156 1269 159 1275 ,
212 1209 287 1263 aaa.
306 1209 342 1262 B.
360 1208 393 1263 a.
413 1193 445 1275 ν’,
460 1214 508 1275 11,
522 1212 547 1262 4.
583 1209 708 1262 Laeuo
731 1207 838 1272 sareu,
860 1213 893 1262 u
916 1225 1004 1277 quam
1025 1211 1166 1279 petuma

135 1282 234 1350 possit,
253 1282 290 1335 iis
308 1281 467 1351 lepiauibus,
486 1297 555 1349 quae
573 1281 629 1334 siut
647 1279 724 1348 apud
742 1295 811 1344 eum,
829 1295 914 1334 naues
933 1281 1081 1338 instituat.

527 1421 585 1475 AD
606 1421 772 1476 OPPIUM.

212 1521 265 1574 Cic.
281 1521 318 1573 ad
338 1519 368 1589 Q.
383 1521 418 1586 fr.
434 1521 543 1586 III,1,
559 1524 595 1574 18
615 1523 707 1587 (mens.
723 1518 813 1587 Sept).
849 1517 929 1587 Quod
952 1520 1092 1578 interiere
1113 1526 1163 1593 epi·

138 1593 209 1645 stola
231 1592 339 1657 scribis,
359 1608 399 1644 me
417 1591 516 1644 Idibus
539 1591 736 1659 Septembribus
759 1591 888 1658 Pompeio
912 1590 936 1643 le
955 1598 1039 1648 atum
1061 1596 1116 1662 iri,
1137 1595 1164 1648 id

138 1679 186 1731 epo
204 1678 261 1715 nau
279 1662 376 1715 audivi
393 1662 543 1729 scripsique
561 1662 598 1714 ad
618 1661 760 1716 Caesarem
775 1659 902 1732 (neque)
948 1662 1087 1720 ibullium
1102 1666 1162 1720 Gae-

138 1733 211 1786 saris
234 1734 368 1786 mandata
390 1732 422 1785 de
445 1749 504 1785 mea
529 1733 669 1787 mansione
694 1733 731 1786 ad
754 1732 915 1800 Pompeium
937 1736 1094 1801 pertulisse
1119 1754 1163 1792 nee

141 1803 268 1871 Oppium.
308 1803 367 1872 Quo
389 1802 522 1856 consilio?
560 1803 731 1872 Quamquam
755 1803 875 1872 Oppium
896 1819 945 1872 epo
971 1808 1069 1876 tenui,
1094 1808 1162 1878 quad

135 1875 244 1942 priores
258 1881 352 1942 partes
375 1873 480 1927 Vibulli
497 1881 591 1941 eraut,·
609 1892 670 1930 cum
688 1891 717 1930 eo
736 1876 808 1929 euim
825 1890 917 1928 coram
938 1874 1049 1932 Caesar·
1067 1886 1163 1951 eperat,

139 1945 178 1998 ad
198 1944 317 2013 Oppium
334 1947 486 2014 scripserat.

366 2105 476 2159 ADP.
496 2105 733 2161 SERVILIUM
749 2105 931 2160 PATREM.

213 2204 267 2258 Cic.
282 2205 320 2258 ad
336 2202 386 2272 Qu.
400 2205 436 2270 fr.
451 2205 516 2270 III,
530 2207 612 2269 1,20
632 2207 724 2270 (incus.
740 2203 832 2272 Sept).
867 2203 900 2256 P.
920 2203 1063 2262 Seruilius
1082 2215 1160 2278 pater

137 2293 173 2329 eu
196 2276 306 2341 litteris,
330 2292 398 2344 quas
422 2276 476 2329 sibi
494 2293 512 2328 a
532 2275 647 2328 Caesare
671 2276 768 2328 missas
793 2290 847 2328 esse
872 2274 995 2343 dicebat,
1020 2280 1161 2350 significat

137 2347 218 2400 ualde
241 2354 265 2400 te
287 2347 341 2400 sibi
362 2353 471 2416 pratum
489 2346 595 2413 fecisse,
614 2347 686 2413 quod
708 2346 741 2399 de
765 2362 818 2399 sua
840 2346 981 2402 uoluntate
1005 2366 1076 2421 erpa
1097 2350 1158 2405 an-

136 2435 227 2472 sarem
245 2418 440 2472 humanissime
458 2418 714 2487 dilipeutissimeque
733 2417 838 2471 locutus
856 2423 929 2471 esset.

349 2577 407 2631 AD
426 2577 468 2630 M.
491 2577 682 2632 TULLIUM
700 2575 949 2630 CICERONEM.

212 2675 319 2730 Cicsaei
339 2675 389 2744 Qu.
404 2675 439 2742 fr.
454 2676 519 2744 111,
534 2680 564 2741 1,
578 2679 622 2730 17.
657 2673 725 2728 Oum
747 2675 818 2728 banc
843 2674 901 2727 iam
923 2675 1077 2742 epistulam
1095 2694 1158 2734 cou-

135 2748 281 2816 plicarem‚
305 2747 444 2801 tabellarii
468 2764 486 2800 a
509 2747 583 2799 uobis
608 2752 738 2800 uenerunt
761 2763 786 2799 a.
811 2746 837 2799 d.
858 2745 912 2798 XI.
924 2745 962 2800 K.
982 2747 1001 2817 †
1021 2765 1051 2804 se
1072 2750 1158 2804 tembr.

138 2819 263 2872 uicesimo
286 2818 337 2872 die.
374 2817 454 2872 Ome
472 2818 633 2871 sollicitum!
656 2824 790 2885 quantum
813 2833 860 2886 epo
878 2816 958 2870 dolui
980 2818 1014 2871 in
1058 2820 1159 2876 cesarie

138 2889 310 2943 securissimis
329 2889 440 2943 litteris!
468 2888 533 2954 Sed,
552 2905 604 2956 quo
623 2894 701 2943 eraut
718 2888 866 2956 suaviores,
884 2903 914 2942 ea
932 2889 1070 2946 maiorem
1088 2892 1157 2947 eota

138 2977 196 3012 rem
214 2961 291 3014 illius
309 2961 355 3014 ille
373 2977 452 3015 casus
473 2960 620 3025 adferebat.

213 3030 266 3084 Cic.
287 3031 324 3084 ad
344 3030 393 3099 Qu.
408 3031 444 3099 fr⁴
459 3031 627 3097 111,1,25.
664 3030 713 3084 Bu
740 3029 896 3084 Britannia
920 3029 1027 3085 Caesar
1056 3035 1096 3089 ad
1122 3048 1157 3088 me

140 3101 178 3153 K.
194 3101 336 3169 Septembr.
356 3103 431 3156 dedit
449 3103 561 3167 litteras,
580 3117 648 3170 quas
667 3118 714 3171 epo
733 3102 825 3169 accepi
843 3118 869 3154 a.
888 3100 915 3155 d.
929 3102 982 3156 IV
992 3103 1032 3158 K.
1047 3104 1157 3169 ouem,

135 3172 208 3224 satis
226 3173 377 3227 commodas
395 3175 428 3226 de
446 3173 622 3227 Britannicis
639 3173 731 3238 rebus,
750 3173 862 3241 quibus,
880 3188 914 3225 ne
932 3172 1072 3244 admirer,
1091 3173 1158 3246 quod

138 3260 159 3294 a
181 3248 205 3296 te
227 3244 320 3298 nullas
342 3245 500 3312 acceperim,
524 3244 618 3298 scribit
639 3260 666 3297 se
688 3244 746 3298 sine
769 3250 794 3298 te
815 3243 914 3310 fuisse,
937 3260 1000 3299 cum
1024 3248 1066 3302 ad
1088 3261 1157 3302 mare

140 3314 289 3368 accesserit.

213 3384 371 3454 Philarppr.
391 3387 429 3439 ad
447 3386 525 3456 Verp.
547 3386 642 3457 Gearp.
657 3386 722 3452 III,
740 3388 803 3439 204.
838 3385 946 3467 Beseda
973 3387 1096 3442 vehiculi
1121 3385 1157 3443 ml

138 3470 238 3535 currus
260 3472 357 3537 penus,
380 3473 433 3525 quo
456 3459 530 3511 soliti
552 3464 617 3511 suut
635 3474 768 3536 pupuare·
783 3456 878 3536 Galli..
902 3455 1007 3511 Caesar
1029 3461 1107 3516 testis
1123 3463 1157 3514 eei

135 3525 283 3649 iiiiorffi
300 3525 453 3651 {affluent
477 3529 543 3582 ΙΙΙ.·
571 3527 683 3597 „Multa
709 3527 790 3581 msha
816 3529 943 3595 eqmium
968 3530 1059 3598 atquc
1085 3545 1155 3586 esse·
