2414 3968
159 218 202 281 '10
492 216 640 273 BELLUM
656 216 826 273 Arfflcuu.

156 362 258 426 cundo
278 366 457 427 commeatu
475 365 616 446 auxerat,
634 383 730 426 naves
748 364 937 427 exoneratas
950 359 1068 424 statim
1082 359 1170 425 iubet

153 459 343 543 Lilybaeum
361 459 402 524 ad
418 459 578 543 reliquum
597 458 771 523 exercitum
789 456 1082 541 transportandum
1100 479 1169 541 pro

152 556 266 642 ficisci3
297 558 367 641 ipse
393 575 431 621 vl
456 555 528 620 Kal
555 555 647 620 Febr.
675 556 802 620 circiter
827 553 943 640 vig'lis
970 552 1084 636 prima
1115 553 1168 618 im·

153 656 253 737 perat,
270 651 485 737 speculatores
500 653 759 736 apparitoresque
773 672 885 717 omnes
899 655 938 716 ut
955 649 1022 715 sibi
1040 655 1167 735 praesto

120 754 269 815 sessent.
322 748 436 834 Itaque
467 749 616 814 omnibus
648 750 758 814 insciis
789 769 893 833 neque
924 747 1167 831 suspicantibus

154 846 266 931 vigilia
287 846 384 911 tertia
405 846 495 911 iubet
517 868 627 911 omnes
649 845 793 932 legiones
820 848 912 910 extra
939 848 1051 909 castra
1078 846 1167 910 educi

155 946 251 1027 atque
278 965 312 1008 se
339 943 490 1026 consequi
517 942 558 1007 ad
584 943 738 1027 oppidum
764 942 945 1026 Ruspinam
973 963 1107 1027 versus,
1137 943 1168 1007 in

154 1061 219 1122 quo
242 1040 311 1123 ipse
332 1038 526 1123 praesidium
549 1037 663 1105 habuit
684 1044 717 1104 et
734 1040 821 1124 quod
838 1039 980 1123 primum
1000 1039 1044 1103 ad
1061 1039 1168 1104 amici-

121 1136 235 1199 stiam
262 1135 331 1200 eius
357 1136 498 1200 accessit.
547 1133 625 1201 Inde
656 1135 822 1220 parvulam
848 1134 1093 1220 proclivitatem
1120 1136 1167 1200 de

157 1253 285 1316 gressus
316 1231 446 1297 sinistra
480 1237 571 1316 parte
605 1233 709 1316 campi
738 1236 871 1316 propter
901 1253 990 1296 mare
1023 1230 1167 1317 legiones

120 1329 253 1394 sducit
296 1328 360 1395 Hic
386 1352 517 1414 campus
544 1329 684 1394 mirabili
711 1329 845 1414 planitie
867 1331 958 1412 patet
978 1328 1076 1393 milia
1099 1350 1166 1414 pas-

157 1447 249 1490 suum
271 1443 333 1511 xv3
360 1448 455 1510 quem
482 1428 595 1512 iugum
622 1428 753 1512 cingens
780 1449 800 1491 a
825 1425 907 1490 mari
929 1427 1042 1489 ortum
1064 1447 1166 1510 neque

122 1524 203 1588 sita
231 1523 409 1607 praealtum
439 1523 531 1590 velut
561 1523 680 1589 theatri
711 1522 812 1587 efficit
838 1521 986 1606 speciem.
1037 1519 1080 1586 In
1109 1522 1166 1587 hoc

156 1620 233 1704 iugo
270 1619 367 1685 colles
402 1623 478 1684 sunt
509 1620 628 1685 excelsi
657 1620 765 1705 pauci,
800 1620 835 1683 in
869 1618 987 1702 quibus
1019 1620 1166 1706 singulae

156 1718 260 1780 turres
287 1715 496 1800 speculaeque
524 1716 668 1800 singulae
694 1719 875 1801 perveteres
902 1720 995 1780 erant
1023 1718 1165 1783 conloca

157 1815 221 1894 tae,
248 1833 384 1896 quarum
410 1813 495 1897 apud
520 1813 668 1878 ultimam
694 1812 890 1897 praesidium
916 1815 950 1876 et
976 1814 1080 1880 statio
1106 1815 1167 1880 fuit

158 1905 325 1991 Scipionis

124 2021 137 2068 1
222 2003 404 2071 XXXVIII
452 2005 628 2090 Postquam
656 2005 770 2071 Caesar
799 2004 840 2069 ad
870 2003 998 2090 iugum,
1032 2007 1074 2073 de
1105 2030 1165 2093 quo

158 2102 260 2186 docui,
281 2103 424 2168 ascendit
446 2107 542 2188 atque
563 2104 598 2168 in
619 2123 879 2188 unumquemque
905 2102 1022 2167 collem
1046 2107 1167 2170 turrem

158 2198 378 2284 castellaque†
405 2199 509 2265 facere
536 2201 642 2284 coepit
668 2203 765 2284 atque
796 2221 833 2264 ea
863 2199 972 2264 minus
1004 2201 1168 2266 semihora

122 2296 275 2380 scilecit,
306 2298 339 2361 et
369 2301 540 2382 postquam
566 2318 633 2362 non
663 2297 710 2360 ita
739 2295 836 2381 longe
867 2296 908 2360 ab
939 2294 1062 2362 ultimo
1088 2297 1168 2364 colle

156 2392 300 2477 turrique
335 2391 412 2478 fuit,
448 2415 529 2478 quae
563 2393 711 2477 proxima
745 2393 810 2457 fuit
841 2392 956 2458 castris
991 2393 1168 2461 sdversari-

157 2510 258 2574 crum,
275 2489 309 2553 in
328 2511 392 2574 qua
414 2489 507 2555 docui
529 2511 598 2554 esse
620 2490 815 2574 praesidium
838 2490 1080 2576 stationemque
1101 2491 1169 2559 Nu-

106 2634 109 2638 *
156 2585 328 2669 micarum,
359 2586 522 2670 paulisper
551 2591 765 2652 commoratus
792 2590 1023 2671 perspectaque
1052 2593 1170 2654 natum

155 2680 219 2747 loci
240 2683 386 2766 equitatu
407 2681 442 2747 in
464 2681 602 2746 statione
625 2683 781 2767 disposito
803 2682 986 2769 legionibus
1009 2705 1097 2768 opus
1119 2686 1169 2750 sd-

156 2778 271 2843 tribuit
293 2778 522 2862 brachiumque
545 2780 650 2844 medic
673 2781 750 2865 iugo
774 2780 813 2845 ab
837 2801 875 2845 eo
897 2778 983 2863 loco,
1006 2780 1051 2845 ad
1074 2804 1170 2867 quem

103 2890 111 2903 ·
156 2879 355 2960 pervenerat,
383 2897 484 2960 usque
512 2874 662 2961 adeum,
688 2877 772 2941 unde
795 2897 943 2962 egressus
966 2881 1052 2962 erat,
1080 2879 1171 2944 iubet

57 3640 103 3728 h

122 2986 139 3035 3
158 2969 260 3055 derigi
282 2993 319 3036 ac
341 2973 468 3037 muniri.
509 2970 603 3049 Quod
624 2977 795 3057 postquam
815 2972 922 3056 Scipio
939 2973 1171 3061 Labienusque

158 3067 453 3156 animadverterant,
476 3071 622 3155 equitatu
644 3069 733 3135 omni
755 3093 796 3136 ex
818 3070 932 3135 castris
952 3069 1073 3138 educto
1092 3073 1171 3138 acie

159 3185 219 3247 que
251 3166 392 3248 equestri
422 3168 580 3231 instructa
611 3189 631 3230 a
666 3168 733 3232 suis
768 3166 1004 3232 munitionibus
1040 3168 1172 3236 circiter

156 3281 270 3343 passus
299 3261 388 3326 mille
418 3264 668 3349 progrediuntur
698 3263 943 3348 pedestremque
975 3264 1107 3349 copiam
1138 3267 1172 3332 in

158 3357 295 3421 secunda
322 3358 388 3424 acie
414 3361 521 3425 minus
548 3382 663 3444 passus
690 3377 776 3427 cccc
803 3383 822 3424 a
852 3361 920 3426 suis
948 3363 1065 3428 castris
1099 3387 1172 3431 con-

158 3454 306 3519 stituunt.

124 3564 139 3614 1
224 3549 422 3618 XXXVIIII.
453 3554 569 3619 Caesar
587 3554 621 3618 in
639 3577 733 3638 opere
751 3554 871 3620 milites
885 3554 1053 3623 adhortari
1066 3581 1172 3646 neque
