2414 3968
147 185 212 248 100
481 181 629 236 BELLUM
646 180 817 237 eumcum
870 172 872 178 ’

111 345 126 392 5
145 327 315 393 interemit.
347 325 448 403 Quem
462 325 632 391 Uticenses
651 347 844 409 quamquam
863 325 1001 391 oderant
1016 325 1158 409 partium

146 425 258 510 gratia,
282 428 389 488 tamen
411 427 543 507 propter
565 423 634 486 eius
657 421 852 506 singularem
871 421 1109 507 integritatem,
1130 427 1159 488 et

146 522 232 606 quod
254 520 487 586 dissimillimus
510 519 708 603 reliquorum
731 519 847 583 ducum
874 519 995 584 fuerat·
1008 521 1159 605 quodque

64 689 66 694 ,
144 618 275 683 Uticam
292 618 437 683 mirificis
456 616 606 701 operibus
620 616 780 680 munierat
793 615 1003 700 turribusque
1016 621 1158 701 1111111,

111 715 310 800 saepultura
337 714 497 778 adficiunt.
544 710 615 788 Quo
642 712 810 777 interfecto
837 711 873 777 L.
898 711 1016 779 (111111
1044 718 1086 781 ut
1106 714 1157 780 ali·

146 813 223 896 quid
249 811 313 876 sibi
340 833 380 875 ex
407 831 445 874 ea
471 831 506 874 11
533 809 644 873 auxilii
672 813 800 893 pararet
828 813 1005 876 convocato
1037 811 1157 897 populo

145 909 293 973 contione
324 906 436 970 habita
466 905 652 970 cohortatur
684 927 808 991 omnes,
843 912 881 973 ut
911 911 1026 991 portae
1060 909 1156 992 aperi·

145 1009 268 1071 rentur:
306 1026 340 1069 se
375 1003 409 1068 in
442 1001 475 1068 U.
504 1001 647 1068 Caesaris
680 1002 849 1069 clementia
878 1025 1033 1089 magnam
1071 1027 1157 1090 spem
1200 1056 1201 1063 ,

112 1101 272 1167 11111111.
317 1098 430 1184 Itaque
457 1101 560 1184 portis
587 1100 756 1183 patefactis
783 1100 880 1166 Utica
906 1121 1058 1186 egressus
1087 1100 1156 1167 011

146 1198 211 1263 sari
233 1198 419 1283 imperatori
442 1197 568 1261 obviam
591 1197 814 1280 proficiscitur.
859 1197 1008 1282 Messala,
1030 1202 1157 1264 uteret

147 1296 347 1380 imperatum,
371 1293 501 1360 Uticam
523 1293 670 1377 pervenit
692 1294 904 1378 omnibusque
925 1295 1031 1378 portis
1056 1299 1156 1362 custo

147 1393 215 1458 dias
237 1394 336 1478 ponit

112 1506 126 1553 1
212 1487 438 1553 LXXXVlHI.
479 1487 594 1552 Caesar
612 1488 741 1552 interim
760 1488 800 1552 ab
819 1487 947 1571 Thapso
965 1509 1157 1574 progressus

146 1584 274 1651 Uzitam
296 1585 455 1669 pervenit,
483 1584 539 1649 ubi
565 1583 672 1669 Scipio
695 1604 849 1668 magnum
870 1583 1028 1649 frumenti
1050 1607 1156 1651 nume

146 1704 227 1764 rum,
245 1702 416 1763 armorum,
434 1679 572 1745 telorum
586 1684 825 1765 ceterarumque
843 1702 951 1744 rerum
970 1693 1047 1748 cum
1060 1703 1156 1767 paruo

112 1777 304 1859 apraesidio
328 1776 491 1840 habuerat.
537 1775 574 1839 ld
597 1777 767 1842 adveniens
789 1777 927 1861 potitur,
955 1776 1072 1844 deinde
1097 1778 1156 1844 Hs

148 1873 328 1936 drumetum
355 1873 508 1955 pervenit.
559 1871 629 1948 Quo
657 1895 730 1937 cum
760 1874 829 1938 sine
860 1895 951 1938 mora
981 1875 1157 1959 introisset,

147 1969 257 2051 armis,
293 1969 455 2034 frumento
491 1970 688 2053 pecuniaque
722 1971 922 2036 considerata
952 1969 990 2047 Q.
1018 1970 1157 2057 Ligario,

146 2065 179 2130 0.
199 2064 349 2130 Considio
372 2067 449 2150 filio,
473 2067 529 2150 qui
551 2071 621 2131 tum
643 2068 690 2131 ibi
712 2068 849 2152 fuerant,
869 2067 972 2132 vitam
990 2071 1157 2136 concessit

111 2182 127 2229 3
146 2163 270 2228 Deinde
289 2164 399 2228 eodem
418 2166 468 2229 die
486 2163 686 2229 Hadrumeto
709 2184 857 2249 egressus
869 2162 1018 2228 Livineio
1030 2164 1158 2252 Regulo

111 2279 218 2325 41111
241 2260 367 2345 legione
390 2261 437 2325 ibi
459 2260 571 2325 relicto
594 2260 724 2326 Uticam
747 2262 793 2325 111
816 2261 989 2326 contendit.
1037 2260 1101 2328 Oui
1127 2265 1158 2329 iu

145 2359 259 2423 itinere
291 2359 331 2422 fit
362 2359 475 2422 obvius
506 2357 542 2421 L.
571 2357 686 2422 Caesar
717 2361 751 2423 11
781 2356 888 2421 subito
921 2379 955 2422 se
985 2358 1028 2423 ad
1054 2379 1160 2444 genua

144 2456 279 2539 proiecit
310 2456 473 2538 vitamque
506 2454 569 2519 sibi
601 2477 704 2539 neque
737 2453 874 2538 amplius
906 2454 1082 2539 quicquam
1111 2457 1159 2522 de

112 2568 127 2615 1
146 2556 302 2636 precatur.
348 2551 408 2616 Oui
432 2550 548 2616 Caesar
569 2551 662 2616 facile
686 2557 719 2616 et
740 2574 799 2636 pro
822 2554 937 2617 natura
959 2573 1019 2616 sua
1041 2556 1075 2619 et
1100 2544 1159 2638 pro

144 2651 295 2714 instituto
315 2649 484 2733 concessit,
507 2649 592 2713 idem
616 2646 781 2732 Caecinae,
805 2647 838 2712 (l.
861 2646 971 2731 Ateio,
992 2647 1030 2713 P.
1052 2647 1161 2735 Atrio,

144 2746 179 2810 L.
199 2746 304 2811 Cellae
327 2747 413 2830 patri
435 2750 468 2811 et
489 2746 572 2829 filio,
594 2744 637 2808 M.
655 2744 777 2830 appio,
799 2744 842 2808 M.
856 2742 1010 2829 Aquinio,
1024 2743 1159 2812 Catonis

144 2842 212 2907 fflio
235 2842 487 2927 Damasippique
510 2842 620 2908 liberis
643 2864 684 2907 ex
706 2864 765 2907 sua
786 2840 1016 2906 consuetudine
1041 2843 1161 2911 tribuit

146 2939 335 3023 circiterque
361 2939 538 3004 luminibus
567 2939 707 3005 accensis
729 2936 859 3002 Uticam
885 2936 1033 3022 pervenit
1060 2941 1159 3023 atque

45 3078 50 3086 -
146 3039 237 3100 extra
259 3037 412 3119 oppidum
436 3041 588 3102 1111111
611 3036 738 3103 mansit.

111 3150 139 3200 1,
211 3133 369 3198 LXXXX.
418 3133 552 3200 Postero
581 3135 631 3199 die
657 3155 750 3199 mane
779 3133 813 3198 in
845 3134 998 3218 oppidum
1029 3133 1159 3201 introiit

146 3230 356 3314 contioneque
375 3231 528 3296 advocata
545 3231 713 3297 Uticenses
732 3231 852 3297 incolas
875 3230 1063 3298 cohortatus
1086 3251 1157 3318 gra·

145 3327 207 3391 tias
229 3350 288 3411 pro
312 3348 422 3392 eorum
445 3350 521 3413 erga
544 3351 578 3393 se
606 3330 712 3394 studio
740 3329 821 3413 agit,
848 3328 933 3392 cives
962 3331 1070 3393 autem
1093 3329 1157 3395 Ro-

144 3445 257 3487 manos
288 3425 505 3508 negotiatores
538 3429 571 3489 et
602 3447 669 3509 eos,
706 3426 761 3509 qui
791 3426 876 3490 inter
908 3440 972 3490 ccc
1002 3428 1157 3509 pecunias

144 3520 346 3585 contulerant
369 3519 456 3585 Varo
479 3524 512 3586 et
536 3519 691 3604 Scipioni,
719 3521 830 3587 multis
856 3521 963 3588 verbis
989 3528 1157 3590 accusatos
