2414 3968
428 216 504 271 CAP.
522 215 720 287 XXII-XXV.
1021 219 1060 282 17

57 361 219 448 dimittere
237 360 343 444 coepit
362 361 451 425 adul
437 365 471 425 a
493 362 557 425 iam
578 366 681 426 aetate
704 385 846 446 puerum
891 361 938 426 At
955 383 1063 446 regius
1082 379 1098 427 3

57 459 183 522 animus
211 458 388 542 disciplinis
416 458 630 523 fallacissimis
659 459 763 523 erudit
749 464 816 543 tus,
845 481 885 523 ne
913 481 932 523 a
959 460 1063 544 gentis

57 576 133 619 suae
155 554 299 619 moribus
319 554 537 638 degeneraret,
559 556 639 619 flens
659 578 749 620 orare
768 559 843 619 cont
843 578 880 618 ra
829 554 1063 621 tCaesarem

56 655 163 734 coep1
167 702 176 735 ,
199 673 239 714 ne
257 673 292 714 se
311 651 403 716 dimit
389 655 498 716 tttere
492 701 498 714 .
522 653 691 716 nonenim
715 653 778 716 sibi
801 673 935 737 regnum
957 652 1064 736 ipsum

56 752 229 831 conspectu
258 746 401 812 Caesaris
429 771 497 813 esse
525 750 702 814 iucundius.
749 749 948 833 Compressis
972 750 1099 834 pueri4

55 846 197 910 lacrimis
226 843 341 909 Caesar
368 846 436 929 ipse
465 849 643 911 commotus
671 846 830 929 celeriter,
858 846 885 909 si
912 845 968 910 illa
995 868 1063 910 sen-

55 943 148 1026 tiret,
183 942 252 1006 fore
284 964 357 1006 eum
393 964 501 1007 secum
538 943 710 1008 adfirmans
747 944 787 1008 ad
826 965 901 1008 suos
933 943 1098 1007 dimisits

54 1038 130 1124 Ille,
164 1044 202 1104 ut
235 1062 275 1104 ex
309 1041 488 1105 carceribus
519 1041 554 1104 in
585 1040 722 1104 liberum
759 1063 888 1105 cursum
919 1040 1064 1122 emissus,

56 1137 134 1200 adeo
158 1142 269 1202 contra
292 1135 459 1201 Caesarem
483 1138 597 1202 acriter
620 1138 740 1201 bellum
759 1159 868 1223 gerere
891 1138 1004 1221 coepit,
1026 1141 1064 1201 ut

54 1233 213 1317 lacrimas,
236 1256 316 1318 quas
339 1234 374 1298 in
397 1234 567 1318 conloquio
589 1234 782 1318 proiecerat,
805 1234 921 1319 gaudio
944 1235 1063 1298 videre-

55 1335 110 1395 tur
136 1330 326 1414 profudisse.
371 1328 536 1395 Accidisse
562 1330 624 1396 hoo
652 1330 830 1414 complures
854 1329 998 1395 Caesaris
1020 1330 1098 1395 les

56 1427 137 1513 gati,
165 1426 273 1510 amici,
301 1427 502 1491 centuriones
525 1427 709 1511 militesque
735 1426 950 1512 laetabantur,
978 1427 1064 1511 quod

55 1524 156 1589 nimia
181 1524 274 1588 bonit
260 1528 310 1588 tas
339 1525 407 1588 eius
434 1523 570 1589 fallaciis
597 1525 689 1609 pueri
717 1524 805 1588 elusa
828 1528 919 1589 esset.
964 1523 1063 1601 Quasi

54 1643 131 1687 vero
154 1622 188 1685 id
211 1620 328 1686 Caesar
350 1622 493 1686 bonitate
516 1627 587 1687 tant
587 1644 642 1686 um
666 1622 782 1686 adduct
768 1625 821 1685 tus
845 1645 881 1687 ac
902 1644 967 1686 non
989 1644 1062 1705 pru-

56 1718 244 1784 dentissimo
268 1719 402 1784 consilio
425 1719 561 1784 fecisset

121 1814 223 1880 XXV.
261 1814 342 1880 Cum
369 1817 448 1881 duce
476 1817 645 1900 adsumpto
611 1815 877 1881 tAlexandrini
902 1760 1004 1880 nihilo
1027 1839 1062 1882 se
1081 1831 1096 1879 1

54 1913 213 1977 firmiores
235 1911 418 1976 factost
363 1916 418 1976 aut
442 1911 658 1998 languidiores
681 1913 844 1978 Romanos
868 1914 1062 1978 animadver-

55 2010 161 2073 terent
192 2007 322 2072 eludent
308 2007 459 2091 tibusque
491 2010 650 2074 militibus
681 2011 766 2096 regis
798 2015 883 2075 aetat
884 2032 934 2074 em
966 2015 1061 2095 atque

56 2103 277 2169 infirmitatem
313 2125 467 2187 magnum
504 2105 644 2170 dolorem
681 2107 858 2190 acciperent
893 2129 996 2191 neque
1027 2129 1062 2171 se

56 2200 229 2285 quicquam
264 2200 418 2282 proficere
454 2200 615 2285 riderent,
651 2223 857 2286 rumoresque
889 2202 1062 2266 existerent

56 2319 176 2384 magna
193 2295 322 2364 ,Caesari
344 2297 503 2381 praesidia
525 2299 668 2363 terrestri
690 2298 804 2362 itinere
821 2319 859 2362 es
877 2297 970 2380 Syria
988 2296 1061 2362 Cili-

56 2397 169 2480 ciaque
203 2394 332 2478 adduci,
365 2393 451 2478 quod
480 2395 623 2458 nondum
655 2395 803 2458 auditum
828 2391 955 2457 Caesari
985 2397 1062 2476 erat,

56 2495 285 2575 commeatum,
314 2492 368 2574 qui
397 2492 478 2556 mari
506 2492 626 2556 nostris
648 2491 910 2575 subportabatur,
936 2490 1061 2553 interci-

55 2612 131 2676 pere
150 2591 340 2653 statuerunt.
378 2587 491 2673 Itaque
511 2589 667 2673 expeditis
685 2589 823 2674 navigiis
840 2588 920 2654 locis
938 2587 1060 2651 idoneis
1080 2604 1095 2651 ι

55 2688 97 2752 ad
119 2685 286 2770 Canopum
308 2685 342 2749 in
366 2686 504 2750 statione
528 2686 691 2770 dispositis
714 2686 849 2751 navibus
871 2683 1061 2749 insidiaban-

56 2788 111 2848 tur
132 2783 251 2848 nostris
266 2785 515 2865 commeatuque.
553 2782 646 2860 Quod
663 2783 719 2847 ubi
734 2781 861 2847 Caesari
878 2781 1060 2845 nuntiatum
1079 2798 1095 2846 3

57 2884 119 2964 est,
150 2881 333 2945 universam
361 2881 494 2946 classem
523 2881 613 2945 iubet
642 2879 782 2963 expediri
814 2882 908 2959 atque
936 2877 1060 2942 instrui.

56 2976 206 3041 Praeficit
234 2977 311 3043 huic
338 2977 504 3043 Tiberium
532 2976 702 3044 Neronem.
750 2974 1000 3039 Proficiscuntur
1026 2975 1060 3039 in

56 3095 96 3137 ea
118 3072 218 3138 classe
236 3073 382 3139 Rhodiae
405 3097 502 3139 naves
515 3078 621 3158 ¹atque
643 3074 677 3138 in
699 3072 751 3137 his
768 3071 970 3156 Euphranor,
992 3071 1060 3134 sine

57 3190 122 3253 quo
140 3170 230 3234 nulla
245 3193 398 3256 umquam
417 3171 580 3236 dimicatio
597 3170 835 3252 marituma...,
856 3167 945 3232 nulla
963 3167 1059 3231 etiam

56 3288 171 3350 parum
197 3267 333 3333 feliciter
355 3269 500 3334 confecta
526 3271 602 3334 erat.
647 3264 693 3330 At
714 3264 869 3348 Fortuna,
892 3285 972 3348 quae
994 3262 1095 3348 ple-4

56 3367 193 3446 rumque
220 3384 289 3448 eos,
314 3387 395 3448 quos
417 3364 565 3449 plurimis
588 3361 751 3427 beneficiis
775 3361 913 3444 ornavit,
943 3361 982 3424 ad
1005 3361 1059 3425 du-

54 3460 174 3524 ‘riorem
189 3480 297 3524 casum
309 3465 459 3546 reservat,
478 3462 677 3545 superiorum
695 3463 876 3544 temporum
894 3458 1059 3523 dissimilis

55 3556 301 3641 Euphranorem
323 3557 582 3642 prosequebatur.
626 3555 712 3623 Nam
735 3578 807 3622 cum
832 3556 872 3620 ad
895 3554 1094 3638 Canopums
1153 3548 1156 3555 ’
1187 3595 1190 3600 -

110 3670 133 3711 o.
148 3669 252 3712 murus
267 3669 391 3712 onnsna.
418 3672 461 3712 ιιι
884 3665 899 3711 a
