2414 3968
421 184 493 239 VIII.
517 184 725 240 EPISTULAE.
1015 185 1081 249 203

350 381 416 418 au.
432 380 453 418 α.
472 363 708 419 DCLXXXXV
724 367 794 432 (59).
1014 376 1190 462 Βοῖἐιᾶη

277 453 335 508 AD
356 453 386 524 Q.
408 453 601 508 TULLIUM
617 452 867 508 CICERONEM.
1071 473 1115 525 (59)

138 560 192 615 Cic.
208 561 245 614 ad
265 559 295 630 Q.
314 561 350 628 fr.
365 560 432 627 La,
446 564 489 614 11.
526 559 562 616 Ut
580 560 687 629 opiuar,
705 559 793 615 Elaoi
812 560 964 630 aliquando
982 577 1038 615 rem
1056 567 1081 617 et

67 632 214 701 Pompeius
233 638 257 687 et
276 631 377 686 Caesar
395 631 445 686 tibi
463 632 692 686 commeudarurat.

340 826 365 863 o.
380 826 407 862 u.
423 825 444 862 c.
463 807 720 862 DCLXXXXVI
734 812 804 878 (58).

410 897 468 951 AD
487 898 520 951 P.
541 896 736 953 CLODIUM.

140 1004 193 1058 Cic.
213 1005 246 1058 de
263 1004 333 1058 dom.
352 1007 397 1059 22.
429 1004 551 1060 Litteras
568 1005 600 1057 iu
617 1005 741 1059 cautious
758 1005 887 1071 recitasti,
906 1020 975 1073 quas
992 1005 1043 1060 tibi
1061 1023 1079 1059 a

66 1075 94 1129 C.
112 1075 227 1130 Caesare
244 1076 341 1130 missos
359 1076 460 1130 diceres
480 1075 593 1130 ‘Caesar
611 1073 753 1142 Pulchro',
772 1092 833 1129 cum
851 1076 933 1130 ctiam
950 1092 978 1130 es
996 1093 1079 1146 orpu—
1115 1108 1123 1119 ·

64 1153 200 1202 ulutatus
228 1147 329 1201 amaris
351 1163 405 1201 esse
426 1148 476 1201 boc
497 1147 620 1216 siyruua,
643 1147 715 1216 qaod
742 1147 947 1216 copuomiuibus
971 1153 1079 1202 tautum

64 1224 185 1273 uteretur
201 1234 286 1286 ucpue
300 1217 464 1273 adscriberet
483 1218 543 1286 ‘pra
558 1218 676 1272 cousule'
692 1223 742 1273 aut
762 1218 883 1272 ‘tribiuio
893 1218 996 1286 plebi';
1014 1219 1080 1273 deiu

64 1289 203 1360 pratulari
220 1289 284 1355 tibi,
303 1290 375 1358 quod
394 1289 436 1343 M.
458 1288 587 1344 Cotouem
609 1306 628 1343 o
645 1289 790 1344 tribunatu
808 1295 855 1343 tuo
877 1289 1032 1343 removisses
1054 1295 1080 1343 et

63 1361 136 1429 quod
149 1361 175 1415 ei
192 1360 302 1414 diceudi
314 1360 347 1413 iu
356 1366 495 1429 posterum
509 1361 541 1414 de
555 1361 786 1414 extraordinariis
801 1360 979 1428 potestatibus
998 1360 1078 1414 liber-

63 1437 145 1487 tateue
168 1431 318 1486 ademisses.
341 1430 416 1501 Quos
435 1437 484 1486 aut
501 1447 652 1500 uumquaru
670 1431 721 1486 tibi
738 1431 785 1486 illc
804 1431 909 1486 litteras
926 1431 1002 1487 misit
1019 1437 1079 1497 aut,

61 1505 88 1558 si
105 1503 187 1571 misit,
206 1504 238 1556 iu
256 1504 379 1558 cautious
396 1503 510 1558 recitari
526 1503 623 1557 uoluit.

420 1663 478 1716 AD
497 1661 713 1717 LINGONAS

135 1767 209 1821 Caes.
225 1768 260 1822 B
278 1767 310 1822 C.
326 1769 352 1834 Ι,
364 1772 412 1835 26
427 1773 451 1824 6.
473 1768 573 1824 Caesar
586 1769 624 1822 ad
637 1769 782 1851 Liupouas
796 1769 901 1823 litteras
908 1768 1079 1852 duritiasque

61 1838 150 1904 misit,
168 1855 202 1892 ue
224 1855 267 1893 eos
288 1840 425 1904 frumento
448 1856 512 1894 ueoc
534 1841 593 1895 alia
615 1857 645 1894 re
663 1840 803 1895 iuuareat:
822 1841 870 1908 qui
887 1841 913 1894 si
936 1840 1077 1906 iuvissent,

61 1926 90 1964 se
108 1909 198 1963 eodem
217 1909 282 1976 loco,
300 1927 353 1978 quo
370 1910 519 1977 Heluetios,
535 1911 612 1965 babit
601 1917 702 1965 turum.

328 2086 354 2128 a.
368 2085 396 2123 u.
411 2086 432 2123 c.
451 2069 723 2123 DCLXXXXVII
738 2073 807 2137 (57).
985 2081 1186 2164 Dcffkffiffl

419 2158 485 2232 ‚AD
504 2157 711 2214 SENATUM.
1060 2178 1104 2228 (ω)

134 2262 209 2318 Caco.
225 2263 261 2316 B.
279 2263 476 2331 G.11,35,4.
512 2263 551 2318 Ob
576 2281 672 2333 eosque
696 2281 739 2319 res
765 2281 799 2318 ea
827 2263 924 2318 litteris
951 2263 1076 2319 Caesaris

60 2335 168 2389 dierum
187 2335 248 2387 XV
263 2336 428 2403 supplicatio
447 2336 552 2389 decreta
569 2341 615 2390 cst.

319 2511 345 2548 a.
359 2511 387 2548 u
402 2512 423 2549 e.
442 2495 731 2549 ocaxxxxrm
747 2497 817 2563 (ss).
974 2507 1186 2591 ncfflffivm

347 2582 644 2639 sacrararum
665 2583 790 2654 paea.
1054 2604 1099 2655 (ὅ)

132 2686 372 2746 Plut.Crass.14.
397 2686 544 2745 Ἐνταῦθα
568 2688 595 2744 δ’
618 2683 722 2752 ὁδὸς
706 2710 742 2758 ην
763 2687 827 2758 μία,
847 2686 1016 2758 δευτέρας
1003 2708 1076 2744 απα-

61 2757 135 2824 silas
153 2759 200 2816 al'r
220 2779 269 2824 τις.
296 2759 333 2830 ἣν
356 2759 506 2831 μετιόντων
529 2758 644 2816 ἐκείνων
663 2761 719 2815 ἔδει
741 2778 815 2830 avait
834 2759 927 2816 αἱττειν
945 2758 1076 2829 Καίσαρα

60 2840 119 2893 τοῖς
136 2851 164 2886 τε
184 2782 276 2901 allois
294 2831 441 2902 γράφοντα
460 2834 508 2887 καὶ
526 2843 582 2888 των
601 2843 774 2937 στρατιωτῶν
793 2782 939 2902 πὲμπαντα
956 2834 1077 2894 πολλοὺς

61 2902 334 2971 ἀρχαιρεσιάσοντας.

332 3064 358 3100 a.
373 3064 401 3101 u.
416 3063 437 3101 c.
457 3045 712 3100 DCLXXXXIX
730 3050 799 3115 (55).
922 3111 927 3118 ,
998 3058 1058 3142 1>on
1059 3057 1185 3141 {mem

269 3135 328 3188 AD
347 3136 389 3188 M.
411 3134 604 3190 TULLIUM
621 3134 870 3190 CICERONEM.
1067 3155 1112 3206 ιω)

134 3239 188 3293 Cic.
208 3240 345 3295 adEom.
365 3241 493 3310 I,9,12
512 3240 664 3310 (Leutulo).
701 3243 739 3295 Iu
765 3242 818 3296 leae
844 3242 977 3298 seriteutia
1005 3258 1075 3296 cora-

57 3311 216 3379 plecteudus
234 3318 292 3366 erat
309 3313 377 3366 milti
396 3312 511 3378 Caesar,
529 3319 562 3367 ut
579 3312 665 3380 rides,
683 3313 715 3366 iu
733 3314 879 3369 couiuacto
901 3321 926 3368 et
947 3330 1033 3368 causa
1051 3319 1077 3368 et

60 3382 208 3464 dipuit:utc
230 3383 275 3436 bic
293 3383 407 3437 multum
425 3384 514 3438 ualuit
537 3399 598 3437 cum
616 3390 691 3438 cetus
709 3385 846 3452 amicitia,
865 3402 947 3454 quara
969 3391 1000 3440 tu
1017 3400 1076 3438 riou

60 3455 174 3523 iyuorus
191 3454 297 3507 militet
311 3452 413 3522 Quinto
430 3456 517 3521 fratri
530 3457 591 3508 cubi
606 3455 720 3509 Caesare
733 3456 903 3522 spissatum
917 3455 1076 3509 buurartitas

59 3525 182 3650 eiubs
143 3541 176 3578 αα
198 3524 348 3580 liberalitas
371 3525 444 3580 breui
467 3532 583 3594 tempore
601 3533 626 3580 et
648 3527 793 3582 litteris
768 3533 793 3582 e
815 3528 916 3596 officiis
933 3531 1076 3596 perspecta

59 3613 96 3650 uo
114 3602 182 3650 rset
199 3597 315 3666 capuita

861 3685 913 3740 14*
