2414 3968
436 188 512 245 CAP.
533 186 747 244 XVI-XVIIII.
1035 189 1098 254 117

83 336 205 401 incidit.
246 332 298 399 Ita
320 333 510 420 refugerunt
532 335 572 400 ad
595 333 771 400 Caesarem.
811 332 999 418 Eodemque
1022 340 1101 400 tem·
1118 351 1141 400 3.

83 457 161 519 pore
199 431 335 518 signifer
371 432 410 497 de
441 432 568 520 legione
600 433 705 517 prima
741 433 917 519 transfugit
952 437 985 498 et
1021 454 1100 497 nun·

81 531 190 615 tiarit,
223 552 287 614 quo
316 529 366 594 die
395 534 544 614 equestre
572 531 732 614 proelium
755 530 883 596 ¹factum
910 535 1008 615 esset,
1041 532 1100 595 suo'

84 631 178 716 signo
207 629 330 714 perisse
356 628 504 693 homines
527 645 634 708 XXXV,
661 651 765 713 neque
787 629 882 694 licere
905 629 1020 694 castris
1045 627 1100 692 Gn.
1125 646 1134 673 'x

82 727 219 811 Pompei
256 726 404 791 nuntiare
440 748 544 811 neque
585 726 690 791 dicere
734 726 856 810 perisse
897 748 1100 811 quemquam.

84 825 217 910 Servus,
245 824 336 888 cuius
364 823 514 889 dominus
541 824 576 888 in
605 822 749 889 Caesaris
777 813 891 889 castris
917 823 1034 914 fuisset
1057 840 1136 887 -ι4

83 945 216 989 uxorem
251 926 284 986 et
314 922 401 987 filios
432 922 467 986 in
500 921 618 1007 oppido
650 921 826 1006 reliquerat
858 961 910 1006 —,
937 922 1100 986 dominam

83 1020 245 1106 iugulavit
273 1023 306 1084 et
333 1020 380 1084 ita
403 1019 485 1084 clam
509 1041 528 1083 a
551 1018 695 1084 Caesaris
718 1021 887 1104 praesidiis
910 1021 944 1085 in
966 1019 1101 1104 Pompei

87 1122 193 1183 castra
216 1117 366 1182 discessit
387 1112 437 1181 ..ſs
459 1121 493 1182 et
515 1117 670 1182 indicium
693 1117 810 1202 glande
828 1119 984 1202 scriptum
1002 1117 1102 1201 misit,
1131 1133 1134 1140 ’

88 1238 148 1300 per
170 1215 257 1299 quod
279 1215 397 1280 certior
419 1216 511 1299 fieret
530 1213 659 1300 Caesar,
683 1236 764 1300 quae
787 1217 821 1280 in
845 1216 963 1300 oppido
987 1215 1027 1280 ad
1050 1216 1101 1280 de*

83 1313 280 1378 fendendum
299 1317 569 1397 compararentur.
599 1310 652 1377 Ita
668 1312 788 1379 litteris
807 1315 956 1398 acceptis,
974 1336 1056 1379 cum-
1067 1314 1136 1377 111

84 1412 239 1496 oppidum
269 1412 467 1496 revertisset,
498 1411 554 1495 qui
580 1411 710 1475 mittere
738 1411 887 1497 glandem
913 1411 1100 1496 inscriptam

84 1510 294 1576 solebat...
324 1507 513 1593 Insequenti
540 1512 685 1592 tempore
713 1509 776 1574 111
808 1508 957 1573 Lusitani
984 1508 1136 1575 fratreso

83 1608 329 1693 transfugerunt
342 1607 596 1690 nuntiaruntque
605 1605 796 1690 Pompeium
810 1607 993 1672 contionem
1001 1605 1101 1670 habu·

84 1707 162 1771 isse:
183 1705 334 1790 quoniam
354 1705 472 1789 oppido
492 1705 636 1769 subsidio
654 1726 720 1769 non
738 1708 850 1788 posset
867 1704 984 1789 venire,
1002 1709 1101 1769 noctu

85 1826 126 1868 ex
156 1803 412 1867 adversariorum
445 1807 617 1886 conspectu
650 1824 684 1867 se
717 1803 910 1867 deducerent
942 1802 982 1866 ad
1013 1825 1101 1867 mare

83 1921 227 1984 versum3
256 1922 356 1964 unum
384 1899 600 1984 respondisse,
627 1904 665 1964 ut
689 1900 798 1984 potius
821 1900 861 1964 ad
884 1899 1101 1964 dimicandum

84 1998 308 2081 descenderet,
347 2018 443 2080 quam
481 1997 611 2083 signum
647 1997 743 2082 fugae
781 1998 977 2082 ostenderet3
1018 2020 1101 2083 eum,

85 2095 142 2180 qui
180 2095 226 2159 ita
256 2095 384 2159 locutus
421 2098 520 2178 esset,
556 2095 747 2180 iugulatum.
800 2095 925 2160 Eodem
957 2100 1137 2179 tempores

83 2192 246 2258 tabellarii
274 2193 343 2257 eius
367 2191 569 2276 deprehensi,
598 2193 654 2276 qui
677 2192 717 2257 ad
740 2192 894 2277 oppidum
917 2193 1101 2257 veniebant:

73 2294 226 2376 'quorum
248 2289 374 2354 litteras
394 2287 510 2354 Caesar
533 2289 703 2373 oppidanis
726 2289 843 2353 abiecit
861 2293 903 2373 et,
926 2291 983 2373 qui
1000 2290 1101 2353 vitam

85 2388 148 2454 sibi
171 2391 304 2472 peteret,
327 2387 423 2454 iussit
444 2390 566 2450 turrem
584 2386 725 2473 ligneam
745 2386 978 2471 oppidanorum
997 2387 1102 2452 incen-

85 2488 173 2571 dere3
196 2487 229 2550 id
252 2487 281 2551 si
303 2485 442 2570 fecisset,
466 2485 495 2549 ei
518 2506 553 2550 se
571 2485 722 2569 promisit
740 2485 849 2550 omnia
867 2507 1101 2551 concessurum.

85 2585 180 2662 Quod
203 2583 335 2649 difficile
358 2586 427 2648 erat
449 2583 546 2667 factu,
569 2587 607 2647 ut
629 2605 699 2647 eam
722 2588 844 2651 turrem
868 2583 937 2648 sine
958 2583 1101 2667 periculo

86 2683 159 2769 quis
178 2682 370 2747 incenderet.
394 2679 451 2744 Ita·
464 2681 541 2745 fune
560 2673 651 2746 crure
671 2681 709 2747 de
727 2681 817 2766 ligno
834 2681 857 2765 †
875 2703 949 2745 cum
967 2680 1100 2765 propius
1120 2695 1136 2743 8

85 2780 285 2864 accessisset,
318 2779 358 2843 ab
391 2779 560 2863 oppidanis
593 2783 643 2844 est
675 2781 808 2844 occisus.
852 2778 975 2844 Eadem
1007 2784 1137 2843 noctes

85 2877 255 2963 transfuga
281 2877 445 2942 nuntiavit
470 2876 661 2962 Pompeium
689 2882 722 2942 et
743 2877 920 2942 Labienum
949 2877 987 2942 de
1010 2877 1101 2962 iugu-

85 2975 207 3039 latione
230 2975 464 3059 oppidanorum
487 2975 672 3060 indignatos
695 2998 773 3040 esse.

153 3069 291 3136 XVIIII.
314 3071 438 3157 Vigilia
456 3073 595 3138 secunda
612 3078 745 3158 propter
762 3073 1004 3139 multitudinem
1022 3074 1100 3139 telo·
1120 3090 1134 3137 1

85 3190 160 3234 rum
183 3168 282 3233 turris
303 3169 424 3256 lignea,
448 3192 529 3255 quae
552 3174 663 3236 nostra
684 3171 809 3257 fuisset,
832 3172 872 3236 ab
895 3172 961 3236 imo
984 3172 1100 3237 vitium
1129 3181 1131 3185 ’

86 3267 286 3350 fecitusque
304 3267 345 3330 ad
362 3268 543 3333 tabulatum
563 3269 737 3333 secundum
756 3273 789 3334 et
807 3270 947 3334 tertium.
974 3269 1099 3335 Eodem
1119 3285 1134 3332 1

85 3370 233 3448 tempore
260 3384 318 3447 pro
345 3386 438 3429 muro
465 3369 652 3451 pugnarunt
677 3368 829 3432 acerrime
852 3371 885 3432 et
907 3368 1023 3432 turrim
1046 3390 1099 3432 no·

86 3468 189 3528 stram
222 3465 260 3524 ut
289 3461 485 3545 superiorem
513 3462 735 3547 incenderunt,
766 3463 884 3528 idcirco
913 3463 999 3547 quod
1026 3486 1099 3529 ven-

85 3567 158 3628 tum
188 3559 340 3644 oppidani
373 3562 547 3626 secundum
574 3560 763 3625 habuerunt.
814 3558 1003 3645 Insequenti
1028 3560 1134 3624 luces
