2414 3968
373 209 449 264 CAP.
468 208 811 267 Lxxxvm-Lxxxxr.
913 223 916 229 '
1034 209 1095 274 101

85 358 120 418 61
148 354 186 418 116
216 375 326 418 eorum
360 353 533 421 sceleribus
563 353 710 440 longiore
740 355 852 420 habita
883 356 1025 420 oratione
1058 354 1098 418 ad

86 455 276 534 extremum,
298 454 336 517 ut
353 451 423 517 11116
443 454 532 517 matu
554 453 728 537 prodirent,
751 452 860 518 edicit:
883 475 917 518 se
939 454 986 519 eis
1009 453 1097 522 dum·

84 553 177 614 taxat
194 550 296 615 vitam
319 571 561 634 concessurum
579 549 666 615 bona
688 550 817 634 quidem
839 571 950 615 eorum
972 571 1006 616 se
1024 570 1097 613 ren·

85 646 245 731 diturum,
274 648 322 714 ita
347 651 470 731 tamen,
499 646 556 730 qui
583 668 693 715 eorum
721 648 789 732 ipse
817 669 875 712 sua
900 647 986 713 bona
1011 646 1097 713 rede·

85 744 207 828 misset,
221 766 255 810 se
268 744 427 812 bonorum
435 743 653 810 venditionem
666 744 872 810 inducturum
887 748 920 809 et
929 744 1097 828 pecuniam

84 840 206 906 multae
233 842 362 910 1161111116
388 840 579 925 ralatmum,
610 845 648 907 ut
679 842 932 908 incolumitatem
960 842 1097 906 retinere

86 942 204 1022 posset.
250 937 374 1015 Quibus
397 943 486 1003 metu
509 938 726 1023 exsanguibus
750 938 788 1003 de
815 938 945 1022 vitaque
972 961 1012 1003 ex
1038 952 1131 1003 suoa

85 1035 261 1120 promerito
290 1036 534 1121 desperantibus
561 1036 669 1102 subito
697 1035 805 1104 oblata
832 1035 934 1101 salute
960 1035 1098 1101 libentes

82 1132 257 1218 cupidique
282 1134 502 1200 condicionem
525 1137 714 1217 acceperunt
735 1133 959 1218 petieruntque
982 1155 1003 1197 a
1023 1131 1097 1197 Cae

85 1251 166 1314 sare,
185 1234 223 1295 ut
240 1231 401 1298 universis
419 1247 483 1298 occ
502 1252 571 1295 uno
586 1230 714 1297 nomine
731 1230 900 1314 pecuniam
918 1231 1098 1315 imperaret.

82 1324 199 1410 ,Itaque
222 1327 272 1394 bis
294 1327 423 1395 miliens
446 1326 595 1393 sestertio
618 1327 670 1393 bis
687 1326 849 1411 imposito,
872 1330 909 1393 ut
926 1350 984 1412 per
1001 1327 1097 1393 trien·
1116 1341 1132 1388 a

84 1423 176 1488 nium
199 1445 256 1491 sex
277 1425 488 1509 pensionibus
510 1423 633 1508 populo
649 1422 795 1489 Romano
816 1423 985 1508 solverent,
1008 1424 1097 1489 nullo

84 1543 197 1587 eorum
224 1526 389 1589 recusante
419 1543 456 1587 ac
482 1542 517 1589 sc
545 1543 583 1586 66
610 1521 739 1587 demum
771 1520 822 1586 die
853 1525 947 1586 natos
975 1521 1097 1605 praedi-

82 1623 195 1683 cantes
217 1617 295 1684 laeti
318 1619 438 1703 gratias
462 1622 564 1704 agunt
587 1616 721 1685 Caesari.

152 1714 327 1786 LXXXXI.
363 1715 435 1781 Rex
452 1716 584 1781 interim
600 1713 690 1800 Iuba,
708 1719 746 1780 ut
763 1737 804 1780 ex
820 1715 942 1798 proelio
961 1716 1098 1801 fugerat,
1117 1731 1131 1778 1

86 1834 151 1876 una
178 1833 252 1877 cum
278 1811 407 1879 Petreio
433 1813 574 1878 interdiu
601 1813 637 1881 in
662 1811 749 1878 villis
779 1811 936 1877 latitando
968 1812 1098 1879 tandem

83 1907 252 1971 nocturnis
271 1907 441 1973 itineribus
460 1909 614 1977 confectis
632 1909 667 1974 in
684 1930 820 1994 regnum
837 1910 984 1994 pervenit
1001 1914 1098 1995 atque

87 2005 129 2068 ad
158 2003 312 2086 oppidum
339 2003 483 2090 Zamam,
514 2006 577 2071 ubi,
603 2007 673 2089 ipse
704 2005 914 2090 domicilium,
946 2007 1098 2092 coniuges

86 2101 269 2183 liberosque
296 2100 449 2186 habebat,
477 2123 541 2185 quo
569 2124 610 2169 ex
637 2105 751 2192 cuncto
773 2122 873 2186 regno
896 2124 1024 2167 omnem
1046 2124 1099 2187 pe

85 2197 215 2264 cuniam
238 2196 481 2282 carissimasque
504 2220 555 2263 res
578 2201 832 2280 comportaverat
851 2199 999 2283 quodque
1016 2200 1098 2265 inito

86 2294 172 2364 bello
187 2294 337 2377 operibus
350 2295 500 2362 maximis
518 2294 709 2377 muniverat,
728 2296 856 2359 accedit.
889 2294 991 2371 Quem
1005 2300 1133 2363 6111661

85 2390 240 2476 oppidani
261 2412 389 2461 rumore
415 2394 568 2476 exoptato
596 2388 800 2456 (1606616111
826 2393 963 2457 victoria
989 2392 1098 2457 audito

83 2488 211 2555 obbas
234 2510 345 2556 causas
368 2489 486 2574 oppido
509 2487 753 2573 prohibuerunt,
776 2489 862 2572 quod
883 2488 969 2554 bello
988 2492 1100 2557 contra

67 2585 243 2672 'populum
264 2584 447 2655 Romanum
474 2589 624 2668 suscepto
650 2585 685 2649 in
713 2584 830 2669 oppido
858 2584 973 2650 Zamae
999 2585 1098 2670 lignis

69 2682 250 2767 congestis
271 2682 445 2753 maximam
468 2683 503 2752 in
523 2682 629 2750 medio
647 2682 718 2746 foro
736 2705 851 2766 pyram
869 2686 1099 2769 construxerat,
1202 2699 1204 2702 ·

86 2785 124 2845 ut
154 2780 183 2844 si
210 2780 293 2845 forte
321 2779 405 2844 bello
434 2780 519 2849 foret
546 2784 729 2865 superatus,
757 2780 907 2845 omnibus
933 2780 1029 2845 rebus
1061 2802 1099 2845 eo

84 2876 293 2960 coacervatis,
322 2875 394 2942 dein
423 2876 548 2943 civibus
576 2878 699 2943 cunctis
724 2877 902 2943 interfectis
925 2876 1099 2961 eodemque

86 2973 238 3058 proiectis
269 2973 345 3058 igne
377 2974 520 3041 subiecto
553 2978 624 3041 111111
647 2974 784 3040 'demum
811 2996 845 3039 se
873 2974 942 3058 ipse
969 2974 1100 3058 insuper

88 3070 281 3136 interficeret
304 3074 399 3156 atque
422 3093 487 3137 una
509 3092 583 3139 611111
605 3071 728 3157 liberis,
752 3071 952 3157 coniugibus,
975 3071 1099 3154 ciuibus
1174 3105 1177 3111 ·

89 3171 265 3251 cunctaque
288 3189 369 3253 gaza
386 3169 479 3254 regia.
493 3173 694 3234 cremaretur.
731 3167 909 3252 Postquam
926 3164 1008 3231 Iuba
1025 3171 1099 3233 ante
1117 3187 1134 3234 a
1193 3160 1196 3166 ¹

88 3266 198 3348 portas
216 3263 272 3331 diu
289 3263 492 3348 multumque
509 3266 614 3349 primo
633 3266 730 3331 minis
748 3287 807 3350 pro
827 3264 961 3349 imperio
980 3265 1100 3348 egisset

89 3382 162 3424 cum
193 3358 414 3446 Zamensibus,
447 3361 520 3427 dein
552 3385 625 3429 cum
657 3385 691 3427 se
722 3383 837 3446 parum
867 3363 1021 3446 proficere
1053 3362 1099 3426 in-

89 3455 274 3541 tellexisset,
292 3458 441 3540 precibus
455 3463 587 3543 orasset,
604 3460 654 3524 uti
677 3482 711 3524 se
730 3459 770 3523 ad
788 3480 864 3524 suos
879 3459 954 3524 deos
967 3462 1100 3543 penates

87 3554 305 3638 admitterent,
326 3554 383 3620 ubi
406 3576 460 3621 eos
482 3559 626 3640 perstare
644 3557 679 3622 111
697 3556 856 3622 sententia
874 3556 1100 3622 animadvertit
