2414 3968
439 232 515 287 uAP.
533 233 666 289 X-XIII.
1047 234 1068 297 9

56 376 202 443 hostium
226 378 451 462 quadriremis,
479 377 629 462 depressa
652 382 701 443 est
724 378 837 463 altera,
866 379 946 443 duae
969 379 1069 443 omni-

57 474 119 540 bus
147 475 285 559 epibatis
313 475 466 560 nudatae3
495 496 614 561 magna
639 479 805 559 praeterea
831 474 1007 539 multitudo
1034 476 1069 539 in

57 571 192 655 reliquis
215 571 352 637 navibus
378 575 657 658 propugnatorum
681 576 731 637 est
752 571 929 637 interfecta
976 571 1104 647 Quoue

56 669 122 734 nisi
144 690 210 732 nox
232 668 391 752 proelium
411 669 601 753 diremisset,
623 673 693 734 tota
711 669 812 734 classe
829 668 975 733 hostium
994 666 1068 733 an-

58 789 112 831 sar
133 766 257 850 potitus
281 771 373 832 esset.
418 765 489 831 Hac
512 766 693 832 calamitate
716 766 896 851 perterritis
918 765 1068 830 hostibus
1087 782 1106 830 6

58 864 192 928 adverso
210 867 307 929 vento
330 863 447 928 leniter
469 864 567 928 flante
590 886 687 930 nares
707 864 869 929 onerarias
889 862 1006 928 Caesar
1022 884 1068 927 re·

56 959 165 1025 mulco
182 960 372 1025 victricibus
396 960 464 1025 suis
487 960 624 1025 navibus
641 959 871 1026 Alexandriam
894 960 1031 1025 deducit.

124 1055 197 1121 ΧΠ.
233 1056 284 1122 Eo
309 1057 502 1122 detrimento
531 1057 609 1122 adeo
632 1062 709 1122 sunt
730 1058 826 1123 fracti
848 1056 1069 1140 Alexandrini,
1088 1073 1104 1121 1

57 1177 131 1219 cum
150 1155 215 1219 iam
236 1177 302 1219 non
320 1155 441 1218 virtute
458 1159 745 1242 propugnatorum,
764 1156 820 1220 sed
838 1156 974 1221 scientia
991 1153 1068 1218 clas·

57 1252 228 1317 siariorum
251 1274 286 1317 se
308 1251 413 1316 victos
435 1251 590 1336 viderent,
614 1252 730 1336 quibus
750 1303 827 1317 .....
843 1256 876 1317 et
899 1251 1069 1335 superiori·

55 1351 118 1415 bus
145 1350 227 1415 locis
255 1349 520 1432 sublevabantur,
549 1353 587 1413 ut
610 1372 650 1414 ex
673 1349 825 1414 aedificiis
849 1348 976 1414 defendi
997 1370 1069 1432 pos-

57 1452 129 1513 sent
161 1452 194 1513 et
226 1447 393 1511 materiam
427 1450 575 1511 cunctam
607 1447 786 1531 obicerent,
823 1445 909 1530 quod
939 1448 1069 1509 nostrae

56 1545 168 1612 classis
202 1545 476 1630 oppugnationem
512 1545 609 1608 etiam
641 1545 682 1608 ad
717 1547 836 1608 terram
867 1541 1068 1608 uerebantur.

55 1642 159 1726 Idem,
181 1647 392 1726 posteaquam
417 1641 617 1725 Ganymedes
645 1642 680 1707 in
708 1640 843 1706 concilio
868 1639 1105 1705 confirmavita

56 1763 126 1805 sese
145 1743 177 1804 et
194 1761 257 1823 eas,
280 1760 361 1823 quae
379 1742 486 1803 essent
509 1738 653 1823 amissae,
675 1759 769 1804 naves
791 1739 1018 1803 restituturum
1037 1740 1069 1800 et

55 1848 225 1901 numerum
239 1836 459 1919 adaucturum,
477 1855 594 1920 magna
608 1858 664 1918 spe
679 1839 712 1899 et
725 1835 843 1898 fiducia
856 1837 980 1899 veteres
998 1833 1067 1898 refi-

56 1956 128 1998 cere
150 1954 248 1996 nares
270 1933 512 2016 accuratiusque
535 1932 610 1997 huic
632 1933 680 1997 rei
703 1932 831 1996 studere
851 1935 946 2016 atque
969 1931 1067 1995 inser·

57 2030 125 2094 vire
161 2029 378 2092 instituerunt.
431 2025 480 2092 Ao
516 2029 646 2094 tametsi
683 2028 822 2112 amplius
855 2045 900 2093 cx
931 2028 1104 2093 navibusa

55 2124 163 2208 longis
193 2123 228 2187 in
256 2128 354 2207 portu
383 2124 614 2209 navalibusque
631 2127 834 2209 amiserant,
865 2147 931 2191 non
960 2130 1068 2190 tamen

56 2220 253 2305 reparandae
271 2220 383 2284 classis
402 2220 630 2304 cogitationem
650 2221 875 2304 deposuerunt.
905 2220 1104 2287 Videbant4
1139 2221 1141 2224 ’

56 2318 143 2384 enim
170 2338 236 2382 non
263 2315 384 2381 auxilia
407 2315 548 2401 Caesari,
574 2339 640 2383 non
664 2323 860 2383 commeatus
883 2317 1068 2401 subportari

55 2437 164 2501 posse,
187 2415 216 2478 si
240 2414 340 2478 classe
363 2414 427 2497 ipsi
449 2414 607 2499 valerent,
633 2419 799 2498 praeterea
821 2415 944 2479 nautici
965 2415 1067 2480 homi·

55 2536 113 2579 nes
142 2512 232 2577 urbis
263 2515 296 2577 et
324 2511 466 2596 regionis
495 2511 675 2576 maritimae
706 2511 930 2596 cotidianoque
960 2534 1021 2577 usu
1049 2535 1068 2577 a

55 2611 164 2696 pueris
195 2609 362 2674 exercitati
391 2610 432 2674 ad
461 2609 605 2674 naturale
638 2631 674 2674 ac
704 2609 916 2674 domesticum
945 2610 1066 2674 bonum

55 2709 202 2794 refugere
225 2707 397 2791 cupiebant
419 2710 465 2791 et,
488 2711 644 2790 quantum
667 2706 811 2790 parvulis
833 2706 972 2792 navigiis
993 2729 1066 2791 pro-

19 2876 22 2881 .
55 2806 215 2889 fecissent,
238 2804 434 2890 sentiebant,
456 2804 565 2888 itaque
588 2804 676 2868 omni
700 2803 807 2869 studio
830 2803 871 2867 ad
892 2804 1065 2887 parandam

56 2903 190 2968 classem
213 2901 436 2966 incubuerunt.
608 2953 609 2956 ,

121 2996 211 3064 XHI.
246 2998 351 3063 Erant
369 2998 519 3064 omnibus
537 2999 629 3063 ostiis
646 2997 717 3064 Nili
735 2998 898 3063 custodiae
916 2999 1064 3085 exigendi
1084 3016 1099 3064 1

55 3096 192 3181 portorii
220 3117 315 3161 causa
343 3096 530 3180 dispositae3
560 3117 657 3160 naves
684 3098 807 3160 veteres
836 3099 928 3160 erant
953 3097 989 3160 in
1015 3118 1064 3161 oc-

57 3191 152 3258 cultis
181 3192 288 3277 regiae
318 3192 500 3276 naualibus,
533 3193 650 3276 quibus
679 3192 793 3256 multis
821 3193 913 3256 annis
943 3193 983 3258 ad
1011 3216 1064 3257 na·

55 3289 230 3374 rigandum
247 3292 423 3353 nouerant
445 3289 510 3353 usi:
532 3289 591 3353 has
614 3288 813 3374 reficiebant,
835 3289 909 3376 illas
926 3288 1064 3355 Alexan·

56 3387 158 3451 driam
181 3387 381 3451 revocabant.
426 3385 568 3451 Deerant
590 3388 684 3452 remi:
706 3388 864 3472 porticus,
887 3388 1099 3474 gymnesiae

53 3484 185 3570 publica
213 3484 358 3549 aedificia
388 3484 593 3569 detegebant,
625 3507 748 3550 asseres
777 3507 944 3551 remorum
968 3506 1076 3546 usum

53 3580 256 3666 obtinebant,
279 3580 366 3646 aliud
389 3581 548 3649 naturalis
571 3581 739 3670 sollertia,
759 3582 858 3649 aliud
874 3578 979 3642 urbas
1000 3573 1107 3648 eodm
