2414 3968
426 207 503 263 CAP.
522 209 753 266 LXV-LXVIII.
1057 212 1100 276 43

86 374 205 439 genere
229 356 320 417 ortus
343 353 412 417 iure
435 354 567 418 minime
591 355 698 440 dubio,
721 359 882 420 vetustate
905 361 1013 421 tamen
1030 378 1102 440 pro-

88 456 161 535 pter
184 450 351 514 adversam
369 451 532 515 fortunam
550 452 710 517 maiorum
729 475 860 517 suorum
877 454 1101 518 mutationem-

89 570 152 632 que
168 548 294 632 generis
313 547 497 613 intermisso
512 549 727 613 sacerdotium
741 551 775 614 id
788 549 961 633 repetebat.
993 548 1101 614 Fratri
1119 566 1136 616 t

88 647 197 709 autem
216 641 443 708 Ariobarzanis
461 642 636 728 Ariarathi,
661 669 734 710 cum
757 647 838 711 bene
860 647 995 711 meritus
1017 651 1100 711 uter-

89 764 153 827 que
176 763 287 805 eorum
310 741 349 805 de
371 740 537 824 republica
559 746 656 825 esset,
681 766 721 808 ne
745 748 801 808 aut
825 744 917 828 regni
939 743 1100 810 hereditas

87 837 284 902 Ariarathen
310 837 500 903 sollicitaret
524 843 579 903 aut
606 838 700 904 heres
731 841 823 925 regni
851 844 986 905 terreret
1007 840 1100 906 Ario-

86 937 261 1014 terranea,
285 940 410 1016 portem
436 935 607 1001 Armeniae
636 937 769 1001 minoris
801 937 946 1001 coacmstt
974 956 1101 1017 eamque

87 1031 299 1095 Ariobarzani
323 1031 486 1114 attribuit,
508 1032 566 1115 qui
589 1033 648 1097 sub
672 1033 742 1097 eius
765 1033 901 1117 imperio
920 1055 957 1098 ac
975 1033 1099 1098 dicione

87 1132 181 1195 esset.
226 1126 300 1211 Ipse
332 1128 395 1192 iter
427 1129 590 1212 inceptum
618 1129 717 1194 simili
745 1129 914 1194 velocitate
944 1130 1099 1194 conficere

86 1226 201 1310 coepit.
324 1258 326 1263 ·

153 1320 285 1387 LXVII.
322 1320 404 1386 (lum
426 1323 559 1406 propius
582 1323 723 1388 Pontum
746 1324 891 1406 finesque
916 1321 1132 1408 Gallograe-1

87 1423 155 1487 ciae
170 1419 365 1503 accessisset,
379 1418 560 1504 Deiotarus,
579 1419 755 1484 tetrarches
771 1417 1009 1504 Gallograeciae
1027 1425 1098 1485 tum

87 1517 218 1604 quidem
240 1538 340 1600 paene
361 1516 472 1600 totius,
496 1516 583 1600 quod
596 1517 627 1580 ei
644 1538 748 1599 neque
765 1514 892 1600 legibus
910 1537 1013 1598 neque
1031 1538 1097 1580 mo-

86 1616 177 1681 ribus
205 1635 392 1679 concessum
419 1635 488 1678 esse
519 1614 617 1679 ceteri
648 1613 827 1678 tetrarchae
855 1612 1098 1698 contendebant,

86 1715 155 1778 sine
188 1710 286 1775 dubio
319 1714 427 1774 autem
458 1732 516 1775 rex
546 1709 717 1776 Armeniae
749 1709 883 1774 minoris
913 1710 953 1773 ab
983 1715 1097 1775 senatu

86 1807 280 1894 appellatus,
307 1807 462 1890 depositis
489 1808 587 1893 regiis
614 1808 810 1892 insignibus,
840 1829 943 1890 neque
969 1810 1096 1871 tantum

86 1907 214 1991 privato
236 1904 370 1987 vestitu,
397 1903 454 1968 sed
481 1905 578 1968 etiam
605 1927 733 1969 reorum
760 1903 874 1968 habitu
897 1904 1034 1988 supplex
1056 1905 1096 1968 ad

87 2002 255 2066 Caesarem
282 2000 372 2064 venit
397 2004 537 2084 oratum,
569 2004 606 2065 ut
634 2000 697 2064 sibi
724 2001 919 2085 ignosceret,
949 2001 1035 2084 quod
1062 2001 1096 2065 in

88 2122 125 2164 ea
152 2100 242 2181 parte
269 2096 396 2179 positus
423 2099 594 2179 terrarum,
624 2118 705 2179 quae
729 2095 818 2159 nulla
839 2097 999 2179 praesidia
1021 2097 1095 2163 (lae

86 2195 169 2262 sarie
191 2192 371 2275 habuisset,
395 2191 588 2255 exercitibus
611 2192 818 2275 imperiisque
840 2199 961 2258 conaus
982 2194 1016 2257 in
1040 2193 1095 2258 (ln.

86 2290 222 2374 Pompei
249 2287 363 2352 castris
390 2287 517 2351 fuisset:
546 2289 758 2370 nequeenim
785 2311 820 2353 se
844 2288 992 2354 debuisse
1015 2290 1129 2356 iudi-2

86 2413 156 2457 cem
179 2407 249 2451 esse
272 2385 561 2449 controversiarum
587 2383 698 2468 populi
721 2383 873 2468 Romani,
901 2385 958 2449 sed
983 2407 1095 2468 parere

86 2483 310 2573 praesentibus
333 2482 485 2566 imperiis.

152 2577 301 2647 LXVIII.
329 2577 449 2644 Contra
463 2601 558 2664 quem
568 2576 684 2643 Caesar
697 2601 771 2643 cum
784 2578 925 2662 plurima
938 2602 998 2644 sua
1011 2602 1094 2646 com·
1114 2599 1128 2646 1

85 2681 296 2746 memorasset
328 2677 448 2761 officia,
479 2698 561 2760 quae
588 2675 701 2740 consul
730 2675 760 2740 ei
789 2675 926 2741 decretis
955 2676 1094 2760 publicis

85 2778 267 2860 tribuisset,
286 2796 422 2859 cumque
437 2773 652 2838 defensionem
667 2772 736 2836 eius
750 2773 1007 2857 coarguisset-
1025 2774 1094 2839 nul-

85 2874 151 2938 lam
168 2895 263 2958 posse
285 2893 318 2938 se
335 2871 572 2937 excusationem
595 2870 664 2934 eius
687 2870 921 2954 imprudentiae
943 2871 1093 2958 recipere,

85 2971 173 3054 quod
194 2969 292 3034 homo
315 2972 423 3033 tantae
451 2966 639 3051 prudentiae
663 2990 699 3032 ac
724 2967 909 3052 diligentiae
932 2968 1013 3033 scire
1038 2992 1093 3054 pc-

85 3069 211 3152 tuisset,
229 3066 303 3151 quis
321 3066 435 3131 urbem
453 3064 645 3147 Italiamque
662 3067 795 3147 teneret,
814 3063 871 3127 ubi
889 3068 1020 3129 senatus
1038 3088 1092 3150 po·

85 3163 244 3248 polusque
267 3161 441 3245 Romanus,
465 3162 523 3226 ubi
545 3160 727 3245 respublica
748 3165 841 3245 esset,
865 3162 937 3246 quis
956 3162 1093 3247 denique

84 3262 162 3345 post
182 3258 217 3323 L.
240 3258 426 3342 Lentulum,
455 3256 488 3322 O.
511 3257 699 3322 Marcellum
722 3257 835 3322 consul
858 3263 955 3342 esset,
984 3263 1093 3322 tamen

84 3379 120 3421 se
153 3357 323 3421 concedere
355 3356 389 3420 id
419 3355 541 3420 factum
572 3355 792 3439 superioribus
822 3356 890 3420 suis
919 3356 1093 3439 beneficiis,

83 3453 186 3518 veteri
208 3452 349 3536 hospitio
373 3458 469 3537 atque
488 3453 656 3537 amicitiae,
679 3452 830 3538 dignitati
854 3454 1014 3538 aetatique
1036 3452 1092 3517 ho·

82 3551 194 3634 minis,
222 3550 373 3633 precibus
400 3547 525 3635 eorum',
558 3551 614 3635 qui
644 3549 828 3633 frequentes
856 3551 1093 3616 concurrissent
