2414 3968
115 208 157 272 68
445 205 592 262 BELLUM
609 205 778 261 eumcum

80 369 95 416 1
179 348 345 416 xxxnn
390 349 459 435 ⁸Per
489 351 523 415 id
554 354 681 434 tempus
712 348 746 414 C.
774 346 949 415 Sallustius
983 350 1127 438 Crispus,

115 470 209 533 quem
244 448 354 532 paucis
390 451 464 512 ante
500 447 613 511 diebus
647 447 781 511 missum
818 468 838 509 0
874 445 1012 513 Caesare
1054 471 1127 515 eum

80 563 96 612 2
115 543 215 609 classe
238 544 535 626 demonstravimus,
560 542 724 608 Cercinam
746 543 902 627 pervenit.
948 542 1055 610 Cuius
1077 548 1126 611 ad·

114 645 212 706 ventu
240 641 272 706 C.
294 640 459 705 Decimius
490 640 705 726 quaestorius,
737 640 793 724 qui
824 640 870 706 ibi
902 663 979 707 oum
1012 645 1126 728 grandi

114 736 254 802 familiae
278 759 354 801 suae
376 737 534 820 praesidio
557 743 702 820 praeerat
724 739 929 822 commeatui,
951 740 1126 824 parvulum

114 835 279 920 navigium
306 838 418 898 nactus
446 835 630 899 conscendit
655 856 692 899 ac
719 856 753 898 se
784 834 880 919 fugae
911 839 1126 903 commendat

80 931 289 998 aSallustius
328 931 457 996 interim
496 935 625 1015 praetor
664 953 683 995 a
724 930 934 997 Cercinitanis
975 940 1126 1021 receptus

114 1051 232 1113 magno
254 1050 388 1093 numero
409 1028 563 1092 humenti
584 1028 715 1093 invento
737 1049 834 1093 naves
852 1030 1028 1116 onerarias,
1052 1054 1126 1117 qua

115 1149 188 1191 rum
219 1127 265 1192 ibi
296 1127 375 1191 satis
407 1147 524 1210 magna
555 1126 646 1209 copia
675 1125 753 1209 fuit,
788 1124 928 1209 complet
959 1132 1063 1213 atque
1094 1130 1125 1194 11

80 1223 284 1289 10011010
305 1222 471 1289 Caesarem
493 1223 554 1287 mit
554 1222 604 1287 tit
648 1219 783 1286 Alienus
809 1222 940 1287 iuterim
968 1246 1031 1307 pro
1054 1246 1125 1291 con·

116 1320 185 1384 sule
201 1319 387 1405 Lilybaeo
377 1344 411 1386 m
433 1320 524 1385 navis
547 1319 707 1384 onerarias
725 1319 847 1402 imponi
847 1318 1046 1406 tlcgionem
1064 1340 1126 1388 xm

116 1422 149 1483 01
179 1435 294 1484 11110
293 1420 467 1502 tequites
504 1414 613 1481 Gallos
647 1432 752 1501 noco,
786 1416 991 1483 funditorum
1028 1421 1125 1506 sagit·

115 1515 333 1627 tariorumque
359 1515 448 1579 mille
475 1536 512 1579 ac
538 1513 712 1578 secundum
739 1515 993 1579 commeatum
982 1538 1020 1581 11
1040 1515 1125 1583 Afri-

82 1627 99 1675 0
116 1635 186 1678 cam
199 1613 259 1677 mit
245 1613 301 1676 ttit
260 1612 359 1696 tad
373 1611 548 1676 Caesarem
584 1609 671 1686 Quae
688 1632 786 1674 naves
798 1615 931 1676 ventum
948 1615 1125 1680 secundum

116 1712 228 1772 100100
251 1689 364 1791 quarto
388 1707 471 1772 die
461 1729 495 1771 m
516 1710 646 1790 portum
664 1707 704 1771 ad
721 1706 909 1792 Ruspinam,
931 1709 990 1774 ubi
1010 1709 1125 1778 Caesar

84 1808 222 1869 0000110
249 1803 418 1888 habuerat,
449 1802 624 1868 incolumes
653 1807 874 1888 pervenerimt
923 1803 976 1870 Ita
1010 1806 1126 1874 Caesar

118 1899 236 1983 duplici
258 1900 382 1964 laetitia
403 1921 440 1964 ac
461 1900 625 1983 voluptate
646 1921 711 1964 uno
733 1903 877 1982 tempore
904 1904 1036 1987 auctus,
1062 1904 1125 1969 fru-

117 2001 225 2061 mento
260 1996 462 2080 auxiliisque,
498 1996 626 2061 tandem
658 1995 725 2060 suis
755 1993 901 2060 hilaratis
933 2018 1126 2086 annonaque

117 2093 222 2159 levata
249 2092 495 2158 sollicitudinem
523 2093 666 2178 deponit,
693 2091 836 2177 legiones
863 2093 1057 2180 equitesque
1089 2120 1127 2163 cx

117 2191 252 2256 navibus
275 2211 419 2276 egressos
441 2191 531 2256 iubet
553 2213 592 2255 ex
613 2191 767 2274 languore
785 2209 967 2273 nauseaque
984 2193 1127 2278 relicere,

118 2286 270 2352 dimissos
292 2285 328 2348 in
349 2285 479 2349 castella
501 2284 759 2367 munitionesque
782 2283 933 2366 disponit.

84 2401 98 2449 1
183 2381 314 2448 XXXV.
347 2381 470 2460 Quibus
488 2384 583 2449 rebus
598 2382 713 2466 Scipio,
733 2380 850 2466 quique
868 2403 942 2446 cum
960 2405 1000 2449 00
1020 2392 1129 2454 000011

118 2483 263 2565 comites,
290 2480 413 2545 mirari*
428 2484 461 2545 01
486 2480 660 2565 requirere:
690 2477 722 2544 C.
747 2476 926 2562 Caesarem,
954 2483 1013 2564 qui
1041 2484 1128 2550 ultro

25 2596 27 2600 ’
118 2581 303 2643 consuesset
325 2577 445 2641 bellum
468 2576 584 2640 inferre
609 2598 647 2641 ac
671 2576 825 2640 lacessere
851 2575 989 2662 proelio,
1017 2582 1129 2649 subito

118 2678 349 2757 commutatum
376 2695 441 2738 non
467 2673 536 2738 sine
563 2694 679 2758 magno
707 2671 840 2736 consilio
870 2674 1129 2757 suspicabantur.

84 2772 231 2857 altaque
254 2794 294 2836 ex
316 2771 384 2836 eius
407 2771 562 2855 patientia
584 2771 618 2834 in
639 2790 792 2854 magnum
814 2768 965 2835 timorem
988 2776 1131 2842 coniecti

119 2891 159 2932 ex
182 2867 324 2934 Caetulis
347 2869 440 2952 duos,
471 2889 552 2951 quos
575 2867 812 2932 arbitrabantur
834 2867 901 2932 suis
923 2869 1023 2936 rebus
1052 2875 1131 2940 ami·

119 2965 278 3048 cissimos,
317 2966 442 3051 magnis
482 2964 631 3049 praemiis
666 2963 1020 3050 pollicitationibusque
1058 2993 1131 3056 pro

119 3061 233 3145 positis
259 3084 317 3145 pro
344 3063 486 3148 perfugis
514 3060 696 3145 speculandi
723 3060 828 3146 gratia
854 3061 887 3124 in
917 3067 1025 3129 castra
1056 3067 1131 3134 Cae

84 3174 101 3221 3
120 3157 201 3222 saris
213 3159 355 3223 mittunt.
388 3159 450 3236 Qui
464 3158 560 3223 simul
574 3158 613 3222 ad
627 3180 699 3223 eum
714 3161 790 3222 sunt
804 3157 941 3244 deducti,
953 3163 1132 3252 petierunt,

84 3258 158 3319 411
180 3254 242 3318 sibi
264 3254 375 3319 liceret
396 3257 494 3320 verba
516 3255 585 3320 sinc
607 3255 748 3339 periculo
766 3254 923 3340 proloqui.
959 3256 1131 3328 Potestate

119 3352 217 3434 facta,
243 3349 505 3437 ‘Saepenumero’,
528 3352 692 3437 inquiunt,
719 3353 917 3437 ‘imperator,
945 3359 1132 3442 complures

122 3447 262 3532 Gaetuli,
285 3448 341 3531 qui
364 3471 473 3515 sumus
496 3449 627 3514 clientes
651 3449 683 3515 C.
706 3450 816 3534 Marii,
839 3454 871 3514 et
893 3458 1132 3537 propemodum

122 3565 231 3609 omnes
263 3543 347 3608 cives
374 3543 524 3630 Romani,
555 3546 611 3630 qui
640 3551 716 3612 sunt
743 3548 777 3612 in
801 3546 928 3632 legione
956 3567 995 3615 1v
1022 3558 1059 3618 et
1086 3573 1133 3641 vl,
