2414 3968
152 185 197 248 94
496 184 642 239 BELLUM
660 183 830 238 eumcum

149 329 243 393 duces
275 351 320 394 ac.
340 330 537 402 fortissimus
570 328 705 413 quisque
738 327 902 392 interfecti
938 326 1166 411 vulneratique

149 431 232 490 sunt.

115 539 129 586 1
213 522 408 588 LXXVHII.
453 523 630 605 Postquam
652 522 742 586 nulla
765 522 953 587 condicione
977 543 1098 608 cogere
1119 522 1165 586 ad-

146 621 304 685 versarios
332 624 472 706 poterat,
504 623 541 684 ut
570 620 605 684 in
634 642 772 704 aequum
798 618 907 684 locum
934 618 1166 685 descenderent

147 717 375 802 legionumque
401 715 579 801 periculum
610 717 765 801 facerent,
796 737 900 800 neque
930 715 1003 800 ipse
1032 718 1165 803 propius

147 813 273 878 hostem
298 818 402 878 castra
422 835 540 897 ponere
559 819 690 899 propter
709 836 809 899 aquae
827 813 998 898 penuriam
1017 836 1056 879 se
1074 836 1165 898 posse

148 910 430 996 animadvertebat,
453 917 482 976 et
503 912 699 976 adversarios
723 933 787 975 non
810 911 930 974 virtute
955 932 1075 975 eorum
1097 933 1165 976 con·

146 1008 259 1091 fidere,
296 1008 351 1072 sed
385 1030 540 1092 aquarum
572 1009 681 1093 inopia
711 1009 811 1073 fretos
844 1008 1009 1092 despicere
1049 1031 1086 1075 se
1122 1010 1164 1074 in·

147 1104 282 1187 tellexit‚
304 1122 331 1168 11
352 1105 435 1170 Non
454 1105 532 1190 Apr.
556 1106 652 1170 tertia
673 1106 786 1191 vigilia
809 1126 957 1191 egressus
981 1105 1024 1170 ab
1044 1104 1164 1192 Aggar,

147 1219 208 1264 XVI
226 1200 316 1267 milia
334 1207 427 1267 nocte
445 1223 644 1288 progressus,
667 1203 707 1267 ad
727 1203 901 1286 Thapsum,
923 1202 982 1266 ubi
995 1201 1163 1289 Vergilius

148 1320 220 1363 cum
235 1299 348 1384 grandi
362 1299 521 1384 praesidio
536 1305 689 1384 praeerat,
708 1303 812 1364 castra
829 1299 923 1383 ponit
941 1299 1162 1387 oppidumque

148 1417 184 1460 eo
201 1397 250 1461 die
265 1398 511 1464 circummunire
530 1398 635 1480 coepit
652 1397 785 1483 locaque
803 1397 918 1461 idonea
936 1401 1162 1485 oportuneque

148 1494 313 1577 complura
335 1494 503 1579 praesidiis
527 1515 695 1579 occupare,
721 1494 831 1559 hostes
856 1516 896 1558 ne
919 1493 1044 1560 intrare
1069 1497 1111 1560 ad
1131 1518 1162 1561 ss

113 1605 184 1654 rac
212 1590 283 1654 loca
310 1590 463 1656 interiora
490 1611 602 1673 capere
628 1594 768 1675 possent.
815 1587 923 1674 Scipio
951 1589 1090 1656 interim
1116 1614 1161 1658 co

148 1687 247 1771 gnitis
271 1685 414 1751 Caesaris
442 1687 585 1751 consiliis
616 1687 656 1751 ad
682 1687 904 1752 necessitatem
933 1685 1096 1754 adductus
1121 1690 1161 1754 di·

147 1783 296 1865 micandi,
318 1805 358 1846 ne
375 1805 434 1867 per
452 1804 612 1848 summum
631 1784 767 1849 dedecus
784 1782 959 1847 fidissimos
978 1783 1049 1848 suis
1068 1787 1161 1852 rebus

94 1898 96 1900 ’
147 1879 361 1963 Thapsitanos
375 1882 407 1943 et
420 1878 601 1965 Vergilium
618 1883 788 1965 amitteret,
807 1879 976 1944 confestim
992 1879 1160 1950 Caesarem

147 1999 206 2060 per
232 1975 397 2059 superiora
427 1975 498 2040 loca
530 1983 717 2043 consecutus
748 1978 839 2042 milia
869 1998 1026 2061 passuum
1054 1997 1162 2045 vma

149 2072 277 2156 Thapso
300 2071 385 2135 binis
409 2073 522 2137 castris
546 2076 697 2140 consedit.

114 2186 128 2233 1
214 2167 342 2232 LXXX.
387 2168 468 2234 Erat
495 2175 645 2256 stagnum
673 2173 860 2256 salinarum,
892 2171 977 2236 inter
1011 2175 1104 2257 quod
1133 2177 1162 2240 et

147 2288 234 2331 mare
258 2266 424 2350 angustiae
449 2269 604 2351 quaedam
626 2292 691 2334 non
714 2268 851 2353 amplius
873 2268 963 2334 mille
986 2273 1021 2334 et
1043 2289 1070 2335 D
1095 2295 1162 2357 pas

148 2387 202 2429 sus
220 2365 410 2448 intererant5
434 2387 513 2449 quas
533 2364 639 2450 Scipio
657 2367 778 2431 intrare
798 2369 831 2430 et
846 2364 1056 2450 Thapsitanis
1076 2370 1162 2434 auxi·

113 2461 228 2526 alium
254 2461 337 2525 ferre
365 2461 548 2527 conabatur.
599 2461 691 2538 Quod
719 2462 866 2526 futurum
894 2460 1066 2529 Caesarem
1100 2465 1163 2531 non

147 2558 312 2623 fefellerat.
357 2557 506 2642 Namque
528 2559 631 2643 pridie
655 2560 689 2624 in
711 2581 748 2624 eo
773 2559 845 2623 loco
874 2559 1006 2625 castello
1034 2564 1163 2628 munito

148 2656 256 2740 ibique
274 2673 314 2719 111
332 2656 501 2721 cohortium
520 2655 678 2741 praesidio
701 2656 814 2721 relicto
837 2656 907 2740 ipse
930 2679 1003 2721 cum
1027 2658 1164 2745 reliquis

149 2753 249 2836 copiis
268 2752 389 2816 lunatis
408 2752 521 2817 castris
539 2752 703 2837 Thapsum
722 2752 872 2837 operibus
891 2752 1164 2822 circummunivit.

114 2847 257 2932 sscipio
285 2849 415 2914 interim
442 2849 589 2914 exclusus
618 2850 657 2914 ab
685 2849 811 2934 incepto
839 2849 955 2914 itinere
978 2872 1080 2934 supra
1103 2857 1165 2918 sta

149 2965 248 3029 gnum
271 2951 399 3029 postero
424 2947 474 3012 die
499 2950 532 3012 et
554 2951 647 3012 nocte
671 2948 815 3012 confecta
838 2947 924 3011 caelo
949 2946 1079 3032 albente
1099 2973 1166 3016 non

148 3041 243 3126 longe
263 3064 281 3105 a
299 3044 412 3108 castris
430 3043 662 3129 praesidioque,
684 3045 770 3129 quod
788 3066 885 3129 supra
903 3049 1166 3133 commemoravi,

148 3156 199 3202 un
218 3139 367 3222 passibus
391 3141 431 3205 ad
453 3164 540 3205 mare
563 3162 674 3206 versus
698 3142 842 3207 consedit
861 3145 893 3206 et
911 3145 1018 3206 castra
1035 3146 1166 3211 munire

114 3234 263 3318 accepit.
310 3234 403 3312 Quod
424 3242 596 3323 postquam
620 3236 747 3303 Caesari
769 3239 953 3303 nuntiatum
976 3243 1035 3325 est,
1059 3242 1165 3307 milite

150 3331 189 3394 ab
213 3352 309 3414 opere
332 3332 481 3418 deducto,
509 3335 621 3400 castris
644 3335 802 3420 praesidio
825 3333 1006 3420 Asprenate
1027 3359 1165 3422 procon-

151 3429 220 3494 sule
243 3451 316 3494 cum
338 3429 519 3515 legionibus
543 3433 665 3497 duabus
687 3433 801 3498 relicto
824 3433 893 3517 ipse
916 3455 990 3496 cum
1014 3434 1166 3519 expedita

116 3541 131 3589 5
152 3527 243 3610 copia
265 3527 299 3591 in
318 3548 390 3591 eum
408 3528 515 3592 locum
534 3530 657 3594 citatim
676 3528 853 3614 contendit,
876 3528 1054 3614 classisque
1073 3535 1165 3616 parte
