2414 3968
118 196 161 259 60
450 193 598 249 BELLUM
616 192 785 248 eraldum

116 339 179 422 ipsi
211 339 278 404 suis
309 338 477 423 praesidiis
509 338 593 402 tueri
624 341 788 422 poterant,
820 335 946 420 reliqua
978 337 1068 403 dirui
1096 361 1132 403 ac

117 436 233 521 deseri,
260 440 293 501 et
319 457 431 501 eorum
458 434 579 500 incolas
607 435 694 498 intre
716 455 775 497 sua
801 434 963 516 praesidia
985 435 1132 521 coegisse

117 534 336 618 commigrare,
359 554 453 618 agros
477 533 620 597 desertos
645 553 681 596 ac
704 534 846 595 vastatos
869 552 948 596 esse.

82 646 96 695 1
181 629 268 696 XXI.
297 629 369 695 Hac
390 630 581 694 necessitate
605 627 722 692 Caesar
743 631 873 692 coactus
894 627 1043 712 privatos
1066 649 1129 692 am·

116 728 232 793 biendo
250 732 284 792 et
305 727 421 792 blande
440 725 630 809 appellando
649 724 851 808 aliquantum
873 747 1048 790 numerum
1064 725 1129 790 fru-

116 826 216 890 menti
234 825 268 888 in
282 844 341 888 111
358 822 518 906 praesidia
536 826 741 908 congesserat
755 825 788 886 et
802 843 840 886 eo
857 843 953 905 parce
967 822 1129 887 utebatur.

117 919 222 1006 Opera
238 921 368 986 interim
387 920 456 1003 ipse
475 919 591 984 cotidie
609 920 744 985 circuire
763 922 796 984 et
818 918 960 983 alternes
978 918 1129 985 cohortes

82 1033 97 1080 a
116 1018 150 1081 in
174 1018 313 1082 statione
335 1016 453 1080 habere
475 1020 607 1101 propter
625 1015 771 1081 hostium
788 1014 1043 1081 multitudinem.
1070 1015 1128 1080 La

116 1114 230 1178 bienna
258 1113 383 1178 saucios
410 1134 501 1196 suos,
528 1134 665 1196 quorum
691 1113 852 1176 maximus
879 1134 1036 1178 numerus
1057 1113 1130 1196 fuit,

81 1226 98 1275 a
116 1211 206 1275 iubet
224 1210 258 1274 in
275 1210 408 1293 plostris
427 1209 587 1294 obligatos
605 1208 842 1274 Hadrumetum
860 1208 1033 1293 deportari.
1064 1209 1127 1275 Na

116 1329 171 1372 ves
194 1307 324 1372 interim
347 1307 493 1372 (laeseris
516 1307 680 1371 onerariae
703 1307 900 1372 errabundae
926 1308 1012 1375 male
1034 1329 1128 1394 vaga-

116 1405 234 1469 bantur
251 1405 391 1470 incertae
409 1404 554 1470 locorum
569 1408 667 1488 etque
681 1411 860 1471 aestrorum
877 1426 1025 1491 suorum3
1049 1428 1128 1491 quas

116 1502 259 1586 singulas
282 1501 419 1585 scaphae
443 1499 698 1566 adversariorum
721 1501 902 1585 complures
927 1501 1060 1569 adortae
1082 1503 1127 1568 in·

80 1613 98 1661 4
116 1597 293 1662 condebant
316 1602 412 1681 atque
430 1599 666 1682 expugnabant.
702 1597 773 1663 Hac
790 1619 825 1662 re
843 1598 994 1664 nuntiata
1012 1598 1129 1664 Caesar

116 1693 233 1758 classes
255 1695 375 1759 circum
398 1693 520 1758 insulas
541 1698 719 1778 portusque
742 1695 911 1779 disposuit,
935 1717 1000 1780 quo
1023 1697 1129 1762 tutius

117 1794 312 1855 commeatus
336 1790 520 1872 subportari
541 1794 660 1873 posset.

81 1902 96 1951 1
182 1884 285 1951 XXII.
321 1885 364 1950 M.
389 1884 467 1950 Cato
495 1885 638 1970 interim,
666 1888 722 1971 qui
744 1887 859 1954 Uticae
886 1894 1049 1975 praeerat,
1073 1889 1128 1956 Gn

115 1980 305 2064 Pompeium
331 1980 436 2044 filium
463 1979 575 2046 multis
602 1983 709 2049 verbis
737 1985 927 2070 assidueque
954 1987 1128 2073 obiurgare

81 2095 182 2144 anon
208 2077 389 2142 desistebat.
440 2075 571 2162 ‘Tuus’,
601 2079 723 2164 inquit,
755 2080 862 2164 ‘pater
893 2081 979 2147 istuc
1011 2085 1128 2149 aetatis

116 2198 189 2241 oum
212 2179 297 2240 esset
320 2180 352 2240 et
375 2175 653 2240 animadvertisset
676 2177 907 2260 rempublicam
931 2180 971 2243 ab
994 2181 1127 2246 nefariis

115 2273 341 2357 sceleratisque
371 2273 494 2337 civibus
524 2294 711 2357 oppressam
743 2272 909 2356 bonosque
941 2280 999 2340 aut
1030 2276 1128 2342 inter·

113 2370 215 2435 sectos
242 2390 304 2434 esse
332 2373 388 2434 eut
415 2369 512 2434 exilio
538 2369 693 2434 multatos
723 2370 828 2453 patria
855 2370 1051 2456 civitateque
1079 2396 1127 2440 ca·

114 2489 193 2551 rere,
216 2466 319 2551 gloria
333 2470 365 2530 et
379 2466 479 2529 animi
500 2466 723 2550 magnitudine
743 2465 846 2530 elatus
864 2467 1010 2550 privatus
1028 2475 1128 2555 etque

115 2561 373 2627 adulescentulus
387 2562 513 2645 paterni
528 2563 688 2627 exercitus
702 2563 848 2647 reliquiis
863 2564 1007 2630 collectis
1023 2589 1128 2651 paene

115 2682 300 2745 oppressam
323 2657 453 2723 Italiam
475 2658 651 2742 urbemque
669 2659 851 2725 Romanam
873 2661 1020 2727 1111111111
1044 2664 1125 2728 dele·

113 2761 180 2820 tem
203 2757 237 2821 in
263 2756 447 2820 libertatem
470 2753 658 2840 vindicavit,
686 2757 836 2841 idemque
860 2757 1017 2845 Siciliam,
1039 2760 1126 2827 Afri-

114 2874 193 2936 cam,
213 2852 411 2936 Numidiam,
428 2850 661 2916 Mauretaniam
683 2853 826 2918 mirabili
844 2855 1007 2922 celeritate
1026 2860 1126 2924 armis

79 2949 242 3032 areoepit.
288 2948 412 3025 Quibus
439 2970 479 3012 ex
505 2949 601 3014 rebus
625 2949 689 3014 sibi
712 2972 783 3014 eam
807 2950 1013 3038 dignitatem,
1044 2977 1126 3040 quae

114 3048 163 3110 est
180 3067 238 3127 per
256 3049 367 3129 gentes
386 3044 563 3109 clarissima
580 3046 825 3131 notissimaque,
848 3047 1032 3116 conciliavit
1051 3053 1125 3118 adu-

77 3140 370 3225 rlescentulusque
394 3145 489 3226 atque
508 3164 605 3226 eques
624 3141 792 3206 Romanus
815 3144 1037 3229 triumphavit.
1068 3149 1125 3215 At

114 3259 175 3320 que
198 3236 253 3300 ille
274 3258 340 3300 non
362 3237 409 3301 ite
432 3238 547 3321 amplis
570 3239 666 3303 rebus
689 3240 791 3322 patris
815 3242 915 3326 gestis
933 3265 1038 3327 neque
1057 3251 1124 3312 tem

113 3333 282 3398 excellenti
305 3333 462 3418 dignitate
483 3336 642 3400 maiorum
665 3340 759 3419 parte
781 3360 884 3421 neque
906 3341 1007 3406 tantis
1029 3343 1124 3410 clien-

112 3429 186 3493 telis
216 3429 419 3513 nominisque
451 3430 596 3496 claritate
628 3433 793 3515 praeditus
825 3435 860 3499 in
890 3440 1124 3522 rempublicam

111 3528 162 3589 est
184 3526 356 3612 ingressus.
402 3526 451 3590 Tu
470 3532 582 3592 contre
599 3532 632 3592 et
654 3531 757 3613 patris
779 3531 949 3598 nobilitate
968 3538 1002 3598 et
1021 3536 1123 3621 digni·

93 3578 134 3719 l
