2414 3968
114 181 160 244 44
380 179 528 235 BELLUM
546 179 852 236 ALEXANDRINUM.

115 325 259 410 hospites
287 330 383 410 atque
407 326 501 390 amici
523 325 669 390 Deiotari
697 326 737 390 ad
761 325 999 409 deprecandum
1022 326 1125 391 —de

116 423 341 488 controversiis
368 423 600 487 tetrarcharum
626 426 739 505 postea
761 443 795 485 se
823 421 1031 506 cogniturum
1059 443 1124 486 esse

80 537 96 585 a
116 520 211 604 dixit,
240 521 364 605 regium
386 521 541 584 vestitum
564 520 594 583 ei
620 519 771 583 restituit.
817 518 996 602 Legionem
1019 522 1124 583 autem

115 637 195 702 eam,
217 637 313 702 quam
336 639 377 681 ex
400 638 514 701 genere
536 616 655 680 civium
678 636 810 678 suorum
827 613 1004 678 Deiotarus
1026 636 1124 679 arma

114 719 189 778 tura
210 713 442 798 disciplinaque
466 718 576 777 nostra
599 713 809 777 constitutam
832 710 982 796 habebat,
1005 701 1124 797 equita·

114 815 248 895 tumque
275 832 403 875 omnem
431 810 471 873 ad
493 809 614 874 bellum
644 809 817 894 gerendum
841 808 998 873 adducere
1021 809 1124 874 iussit.

81 925 95 974 1
181 905 346 971 LXVIHI.
370 904 451 970 (ium
465 906 500 969 in
513 906 654 971 Pontum
668 905 809 969 venisset
826 904 1001 989 copiasque
1016 927 1124 971 omnes

115 1003 149 1068 in
176 1024 277 1066 unum
303 1001 411 1066 locum
439 1002 608 1087 coegisset,
641 1024 722 1087 quae
749 1022 882 1066 numero
910 1005 1010 1086 atque
1039 1025 1124 1069 excr-

115 1099 268 1164 citatione
295 1097 453 1162 bellorum
480 1099 657 1163 mediocres
686 1102 777 1162 erant
804 1135 849 1145 -
875 1103 1011 1182 excepta
1039 1100 1124 1165 enim

114 1196 243 1280 legione
265 1199 365 1279 sexta,
388 1215 484 1278 quam
503 1217 611 1260 secum
630 1195 806 1260 abduxerat
824 1193 1024 1260 Alexandria
1041 1200 1123 1262 vete

115 1315 226 1357 ranam
244 1292 355 1356 multis
373 1291 538 1369 laboribus
556 1293 772 1377 periculisque
786 1292 930 1357 functam
948 1292 1123 1378 multisque

115 1390 273 1455 militibus
296 1389 415 1474 partim
439 1389 629 1454 difficultate
652 1389 804 1454 itinerum
822 1410 859 1452 ac
880 1388 1124 1474 navigationum

114 1488 233 1572 partim
256 1487 427 1552 crebritate
449 1485 608 1551 bellorum
631 1488 709 1552 adeo
729 1487 934 1569 deminutam,
957 1490 996 1550 ut
1018 1487 1124 1553 minus

115 1582 203 1647 mille
220 1581 407 1646 hominibus
431 1581 465 1645 in
483 1603 520 1646 ea
542 1588 636 1668 esset,
658 1584 800 1668 reliquae
823 1587 915 1647 erant
937 1587 1005 1648 tres
1027 1584 1124 1670 legio·

115 1701 181 1762 nes,
203 1700 268 1742 una
289 1677 445 1761 Deiotari,
469 1678 558 1762 duae,
581 1701 662 1762 quae
686 1681 719 1744 in
743 1703 780 1746 eo
803 1679 934 1764 proelio,
959 1681 1048 1765 quod
1070 1679 1123 1746 On

115 1775 296 1839 Domitium
313 1773 428 1838 fecisse
446 1795 519 1838 oum
537 1774 700 1840 Pharnace
719 1776 916 1859 scripsimus,
937 1775 1069 1842 firerant
1082 1813 1125 1824 -

80 1892 96 1939 a
115 1872 216 1957 legati
239 1893 258 1934 a
279 1870 443 1935 Pharnace
465 1871 557 1934 missi
577 1869 742 1937 Gaesarem
765 1874 884 1937 adeunt
907 1876 1004 1957 atque
1028 1874 1124 1958 inpri-

115 1970 177 2033 mis
201 1969 424 2052 deprecantur,
451 1990 491 2032 ne
514 1968 583 2032 eius
606 1968 761 2034 adventus
783 1968 912 2034 hostilis
936 1975 1036 2035 esset:
1064 1971 1125 2036 fac·

115 2070 225 2130 turum
252 2064 338 2129 enim
366 2064 473 2129 omnia
495 2063 693 2150 Pharnacen,
724 2087 805 2150 quae
827 2066 985 2149 imperata
1007 2073 1124 2133 essent

80 2162 318 2245 aMaximeque
346 2161 638 2226 commemorabant
669 2162 758 2226 nulla
784 2161 971 2226 Pharnacen
1004 2165 1125 2230 auxilia

115 2265 227 2326 contra
240 2258 407 2324 Gaesarem
421 2258 575 2343 Pompeio
594 2258 669 2323 dare
687 2258 837 2341 voluisse,
856 2281 928 2323 curn
942 2258 1125 2348 Deiotarus,

116 2359 171 2442 qui
195 2357 343 2440 dedisset,
366 2360 474 2421 tamen
498 2357 527 2421 ei
550 2358 768 2423 satisfecisset.

80 2473 96 2522 1
181 2453 277 2518 LXX.
309 2453 425 2518 Caesar
441 2454 608 2538 respondit
630 2477 664 2520 se
686 2454 755 2519 fore
778 2452 1008 2537 aequissimum
1026 2454 1124 2521 Phar-

80 2552 195 2637 anaci,
218 2551 255 2636 si,
278 2572 359 2635 quae
382 2551 597 2635 polliceretur,
621 2555 917 2635 repraesentaturus
936 2554 1029 2615 esset.
1059 2552 1125 2618 Mo

115 2650 186 2714 nuit
208 2652 325 2733 autem,
347 2652 385 2712 ut
407 2647 540 2732 solebat,
563 2648 697 2712 mitibus
720 2648 827 2712 verbis
849 2648 984 2733 legatos,
1005 2671 1048 2715 ne
1071 2656 1126 2716 aut

114 2745 303 2809 Deiotarum
335 2744 399 2823 sibi
432 2744 594 2809 obicerent
632 2748 688 2808 aut
717 2744 813 2808 nimis
841 2767 878 2809 eo
910 2744 1126 2830 gloriarentur

80 2859 96 2907 3
115 2841 279 2925 beneficio,
302 2842 389 2926 quod
412 2841 532 2905 auxilia
554 2840 708 2924 Pompeio
731 2863 797 2905 non
821 2841 993 2908 misissent.
1039 2843 1126 2910 Nam

116 2959 275 3020 seneque
303 2939 457 3004 libentius
482 2938 587 3003 facere
610 2939 782 3022 quicquam
805 2960 902 3021 quam
925 2940 1126 3024 supplicibus

116 3035 281 3119 ignoscere
318 3057 421 3120 neque
447 3036 685 3119 provinciarum
711 3034 856 3118 publicas
884 3035 1021 3101 iniurias
1054 3060 1127 3104 con·

79 3131 234 3197 edonare
265 3130 306 3194 iis
335 3154 443 3215 posse,
476 3133 532 3216 qui
559 3132 696 3196 fuissent
723 3131 758 3194 in
785 3153 819 3195 se
847 3131 993 3196 officiosi.
1040 3133 1128 3212 Quin

116 3228 148 3291 id
171 3227 287 3311 ipsum,
311 3228 396 3311 quod
414 3233 708 3313 commemorarent,
732 3229 874 3294 officium
893 3230 993 3295 fuisse
1011 3232 1127 3298 utilius

115 3323 288 3407 Pharnaci,
320 3325 376 3408 qui
403 3327 609 3410 providisset,
640 3349 681 3390 ne
708 3327 902 3411 vinceretur,
930 3348 1028 3410 quam
1056 3330 1127 3415 sibi,

82 3421 170 3484 ocui
201 3420 247 3485 dii
279 3420 477 3486 immortales
506 3423 674 3488 victoriam
704 3423 902 3488 tribuissent.
947 3422 1063 3509 Itaque
1094 3448 1128 3491 se

116 3537 249 3602 magnas
273 3521 305 3581 et
329 3537 441 3602 graves
464 3519 598 3584 iniurias
621 3519 740 3584 civium
762 3519 990 3606 Romanorum,
1014 3522 1072 3605 qui
1094 3522 1128 3587 in
