2414 3968
131 183 194 247 126
425 182 572 239 BELLUM
590 179 842 237 HISPANIENSE.

93 346 108 394 7
127 327 200 412 Hic,
214 331 251 392 ut
264 328 310 391 ait
322 326 457 411 Ennius,
471 349 536 411 pes
552 327 644 411 pede
663 326 865 411 premitur,
880 328 1011 394 armis
1027 332 1157 394 terun-

128 432 192 492 tur
222 447 336 509 arma,
363 425 625 510 adversariosque
651 423 938 490 vehementissime
969 430 1158 513 pugnantes

127 523 232 589 nostri
255 544 348 608 agere
371 527 557 607 coeperunt3
581 522 699 607 quibus
721 521 878 606 oppidum
901 523 974 589 fuit
999 526 1155 592 subsidio.

94 621 181 687 elta
204 621 283 705 ipsis
305 620 508 686 Liberalibus
529 621 594 685 fusi
618 619 786 706 fugatique
808 641 876 684 non
902 622 1156 707 superfuissent,

129 720 192 785 nisi
216 719 250 783 in
272 741 345 783 eum
368 718 475 784 locum
498 717 729 803 confugissent,
750 740 791 781 ex
813 738 880 801 quo
904 724 1007 785 eraut
1027 721 1157 808 egressi.

94 816 168 882 oIn
192 838 256 900 quo
278 815 402 900 proelio
426 816 608 881 ceciderunt
630 815 721 880 milia
737 814 909 879 hominum
927 816 1073 884 circiter
1090 836 1153 884 m

130 919 163 980 et
185 915 215 979 si
238 913 315 998 quid
339 913 490 997 amplius,
512 918 677 997 praeterea
699 911 871 997 Labienus,
892 909 1018 981 Attius
1044 914 1152 996 Varus,

130 1011 249 1096 quibus
286 1012 399 1075 occisis
436 1010 582 1095 utrisque
618 1011 716 1076 funus
748 1014 798 1076 est
828 1009 972 1097 factum,
1013 1012 1151 1099 itemque

129 1110 255 1193 equites
282 1108 420 1174 Romani
446 1108 565 1192 partim
593 1132 633 1173 ex
659 1109 739 1173 urbe
765 1107 885 1191 partim
913 1129 959 1173 ex
984 1110 1149 1195 provincia

79 1223 113 1272 10
133 1206 173 1270 ad
209 1206 300 1270 milia
330 1225 377 1270 111.
428 1205 543 1271 Nostri
579 1206 750 1272 desiderati
782 1204 822 1268 ad
853 1203 1037 1273 hominum
1071 1207 1149 1274 mille

79 1321 111 1371 11
131 1305 251 1389 partim
273 1304 420 1389 equitum
442 1303 560 1388 partim
588 1304 747 1389 peditum;
773 1302 875 1367 saucii
898 1303 942 1367 ad
965 1302 1011 1370 D.
1036 1304 1147 1371 Adver-

130 1404 289 1468 sariorum
318 1402 443 1486 aquilae
471 1406 548 1466 sunt
574 1402 700 1467 ablatae
726 1417 790 1464 xm
813 1403 847 1465 et
868 1399 969 1485 signa
992 1406 1032 1468 et
1054 1403 1147 1469 fasces

137 1552 256 1565 ......
264 1504 624 1585 3praeterea.......
667 1497 1050 1567 Hoshabuit.......

96 1618 109 1665 1
197 1597 332 1663 XXXII.
376 1647 516 1663 .......
546 1620 587 1663 ex
610 1597 689 1681 fuga
710 1595 778 1660 hac·
793 1595 850 1679 qui
873 1596 1042 1680 oppidum
1065 1598 1146 1663 biun-

132 1697 206 1760 dam
242 1695 306 1760 sibi
337 1695 580 1760 constituissent
612 1693 819 1778 praesidium,
853 1694 1033 1780 nostrique
1066 1716 1146 1783 coge

97 1812 113 1859 a
132 1794 251 1858 bantur
269 1793 447 1857 necessario
466 1814 520 1857 eos
539 1792 786 1857 circumvallare.
815 1790 869 1856 Ex
886 1790 1044 1859 hostium
1059 1794 1145 1860 armis

130 1894 223 1955 scuta
247 1894 280 1955 et
301 1889 368 1974 pila
389 1912 448 1974 pro
473 1891 605 1974 cespite,
627 1912 687 1974 pro
710 1888 795 1954 vallo
822 1889 983 1955 cadavera
1008 1893 1146 1958 conloca

130 1990 262 2073 bantur3
294 1988 425 2071 insuper
457 1988 634 2052 occisorum
666 1988 700 2051 in
728 1986 908 2072 gladiorum
938 1991 1147 2057 mucronibus

131 2087 238 2171 capita
263 2086 431 2151 hominum
459 2086 605 2150 ordinata
632 2085 673 2149 ad
699 2085 853 2170 oppidum
877 2105 1057 2155 conversa:
1089 2088 1147 2154 uni·

130 2206 223 2249 versa
253 2183 397 2249 hostium
429 2184 579 2248 timorem
609 2233 750 2247 .......
781 2182 979 2266 virtutisque
1013 2186 1148 2273 insignis

131 2281 297 2366 proposita
327 2282 473 2347 viderent
505 2285 537 2346 et
568 2280 653 2345 vallo
683 2278 1020 2347 circumcluderentur
1049 2285 1148 2350 adrer-

96 2380 216 2445 asarii.
262 2377 313 2444 Ita
336 2378 421 2444 Galli
444 2377 582 2465 tragulis
604 2377 780 2462 iaculisque
803 2375 975 2462 oppidum,
1005 2385 1096 2464 qaod
1119 2402 1150 2446 cx

81 2558 83 2562 ι
132 2476 275 2541 hostium
299 2476 506 2541 cadaveribus
529 2479 607 2540 sunt
629 2476 848 2560 circumplexi,
870 2497 1073 2564 oppugnare
1091 2500 1150 2546 coe

97 2592 114 2640 4
132 2578 257 2659 perunt.
293 2573 346 2636 Ex
367 2573 430 2639 hoo
447 2574 570 2657 proelio
589 2572 739 2639 Valerius
758 2572 945 2638 adulescens
965 2571 1152 2644 cordubam

133 2695 206 2736 cum
225 2671 337 2755 paucis
351 2672 514 2754 equitibus
527 2672 622 2757 fugit,
641 2670 713 2736 Sex.
727 2670 892 2755 Pompeio,
908 2671 967 2755 qui
983 2671 1151 2742 Cordubae

99 2787 114 2835 c
133 2769 258 2852 fuisset,
281 2789 349 2832 rem
372 2772 497 2852 gestam
519 2770 626 2834 refert.
664 2766 803 2854 Cognito
821 2767 883 2833 hoc
901 2773 1055 2860 negotio,
1080 2794 1152 2861 quos

134 2867 259 2950 equites
291 2886 399 2929 secum
430 2864 558 2950 habuit,
590 2865 676 2951 quod
707 2866 859 2951 pecuniae
888 2888 1005 2933 secum
1034 2871 1153 2951 habuit,

135 2964 182 3028 e'is
210 2960 376 3026 distribuit
403 2966 436 3026 et
462 2963 631 3047 oppidanis
659 2964 742 3029 dixit
772 2986 807 3029 se
835 2965 873 3028 de
903 2985 986 3048 pace
1017 2971 1063 3036 ad
1087 2969 1153 3035 (iac-

135 3082 238 3125 sarem
261 3059 422 3143 proficisci
444 3064 477 3124 et
502 3062 641 3126 secunda
657 3060 771 3146 vigilia
794 3060 834 3124 ab
853 3061 974 3144 oppido
998 3065 1154 3133 discessit

100 3178 116 3225 o
136 3158 192 3223 Gn.
210 3158 383 3242 Pompeius
406 3183 478 3225 cum
502 3160 665 3244 equitibus
687 3158 798 3242 paucis
817 3157 1057 3247 nonnullisque
1077 3162 1155 3251 pedi·

136 3258 225 3322 tibus
254 3256 294 3320 ad
321 3258 431 3340 navale
462 3257 656 3341 praesidium
683 3256 861 3341 parandum
889 3253 1062 3328 Carteiam
1092 3285 1155 3330 con·

137 3355 251 3438 tendit,
274 3354 360 3438 quod
383 3355 536 3439 oppidum
560 3355 651 3419 abest
674 3353 860 3419 aGorduba
882 3353 977 3419 milia
1002 3381 1155 3445 passuum

104 3468 241 3517 rcuxx.
301 3451 371 3528 Quo
412 3475 484 3517 cum
526 3452 566 3516 ad
602 3455 750 3516 octavum
789 3450 967 3517 miliarium
1007 3460 1155 3539 venisset,

139 3549 175 3614 P.
209 3548 383 3631 Caecilius,
420 3550 476 3633 qui
513 3550 626 3614 castris
658 3553 752 3614 antea
783 3549 917 3633 Pompei
949 3559 1156 3643 praepositus
