<?xml version="1.0" encoding="UTF-8"?>
<!DOCTYPE html PUBLIC "-//W3C//DTD XHTML 1.0 Transitional//EN"
    "http://www.w3.org/TR/xhtml1/DTD/xhtml1-transitional.dtd">
<html xmlns="http://www.w3.org/1999/xhtml" xml:lang="en" lang="en">
 <head>
  <title>
</title>
<meta http-equiv="Content-Type" content="text/html;charset=utf-8" />
  <meta name='ocr-system' content='tesseract 3.04.00' />
  <meta name='ocr-capabilities' content='ocr_page ocr_carea ocr_par ocr_line ocrx_word'/>
</head>
<body>
  <div class='ocr_page' id='page_1' title='image "./commentariicuma00wlgoog_0097.png"; bbox 0 0 2414 3968; ppageno 0'>
   <div class='ocr_carea' id='block_1_1' title="bbox 112 192 855 259">
    <p class='ocr_par' dir='ltr' id='par_1_1' title="bbox 112 192 855 259">
     <span class='ocr_line' id='line_1_1' title="bbox 112 192 855 259; baseline 0.003 -12"><span class='ocrx_word' id='word_1_1' title='bbox 112 195 156 259; x_wconf 84' lang='lat'><strong>48</strong></span> <span class='ocrx_word' id='word_1_2' title='bbox 382 192 532 248; x_wconf 82' lang='lat' dir='ltr'><strong>BELLUM</strong></span> <span class='ocrx_word' id='word_1_3' title='bbox 549 192 855 249; x_wconf 81' lang='lat' dir='ltr'><strong>ALEXANDBINUM.</strong></span> 
     </span>
    </p>
   </div>
   <div class='ocr_carea' id='block_1_2' title="bbox 79 336 1131 3326">
    <p class='ocr_par' dir='ltr' id='par_1_2' title="bbox 112 336 1124 714">
     <span class='ocr_line' id='line_1_2' title="bbox 112 336 1124 421; baseline -0.002 -17"><span class='ocrx_word' id='word_1_4' title='bbox 112 339 198 404; x_wconf 89' lang='lat' dir='ltr'><strong>fecta</strong></span> <span class='ocrx_word' id='word_1_5' title='bbox 226 338 434 403; x_wconf 88' lang='lat' dir='ltr'><strong>multitudine</strong></span> <span class='ocrx_word' id='word_1_6' title='bbox 463 338 550 402; x_wconf 90' lang='lat' dir='ltr'><strong>omni</strong></span> <span class='ocrx_word' id='word_1_7' title='bbox 578 360 710 402; x_wconf 91' lang='lat' dir='ltr'><strong>suorum</strong></span> <span class='ocrx_word' id='word_1_8' title='bbox 740 342 795 402; x_wconf 92' lang='lat' dir='ltr'><strong>aut</strong></span> <span class='ocrx_word' id='word_1_9' title='bbox 822 341 917 421; x_wconf 87' lang='lat' dir='ltr'><strong>capte</strong></span> <span class='ocrx_word' id='word_1_10' title='bbox 942 336 1124 403; x_wconf 87' lang='lat' dir='ltr'><strong>Pharnaces</strong></span> 
     </span>
     <span class='ocr_line' id='line_1_3' title="bbox 114 434 1123 520; baseline -0.004 -19"><span class='ocrx_word' id='word_1_11' title='bbox 114 458 187 502; x_wconf 91' lang='lat' dir='ltr'><strong>cum</strong></span> <span class='ocrx_word' id='word_1_12' title='bbox 208 436 319 520; x_wconf 81' lang='lat' dir='ltr'><strong>paucis</strong></span> <span class='ocrx_word' id='word_1_13' title='bbox 337 436 500 519; x_wconf 91' lang='lat' dir='ltr'><strong>equitibus</strong></span> <span class='ocrx_word' id='word_1_14' title='bbox 523 435 685 519; x_wconf 79' lang='lat' dir='ltr'><strong>profugit3</strong></span> <span class='ocrx_word' id='word_1_15' title='bbox 709 435 761 498; x_wconf 94' lang='lat' dir='ltr'><strong>cui</strong></span> <span class='ocrx_word' id='word_1_16' title='bbox 784 434 848 498; x_wconf 89' lang='lat' dir='ltr'><strong>nisi</strong></span> <span class='ocrx_word' id='word_1_17' title='bbox 867 438 1051 498; x_wconf 89' lang='lat' dir='ltr'><strong>castrorum</strong></span> <span class='ocrx_word' id='word_1_18' title='bbox 1074 455 1123 517; x_wconf 84' lang='lat' dir='ltr'><strong>op</strong></span> 
     </span>
     <span class='ocr_line' id='line_1_4' title="bbox 112 530 1123 618; baseline -0.003 -21"><span class='ocrx_word' id='word_1_19' title='bbox 112 534 268 618; x_wconf 89' lang='lat' dir='ltr'><strong>pugnatio</strong></span> <span class='ocrx_word' id='word_1_20' title='bbox 290 533 476 598; x_wconf 74' lang='lat' dir='ltr'><strong>facultatem</strong></span> <span class='ocrx_word' id='word_1_21' title='bbox 499 531 662 596; x_wconf 73' lang='lat' dir='ltr'><strong>attulisset</strong></span> <span class='ocrx_word' id='word_1_22' title='bbox 684 531 818 595; x_wconf 89' lang='lat' dir='ltr'><strong>liberius</strong></span> <span class='ocrx_word' id='word_1_23' title='bbox 840 530 1060 616; x_wconf 80' lang='lat' dir='ltr'><strong>profugiendi,</strong></span> <span class='ocrx_word' id='word_1_24' title='bbox 1082 531 1123 594; x_wconf 84' lang='lat' dir='ltr'><strong>vi·</strong></span> 
     </span>
     <span class='ocr_line' id='line_1_5' title="bbox 113 628 908 714; baseline -0.005 -19"><span class='ocrx_word' id='word_1_25' title='bbox 113 653 173 696; x_wconf 82' lang='lat' dir='ltr'><strong>vus</strong></span> <span class='ocrx_word' id='word_1_26' title='bbox 195 631 229 695; x_wconf 91' lang='lat' dir='ltr'><strong>in</strong></span> <span class='ocrx_word' id='word_1_27' title='bbox 252 628 397 695; x_wconf 73' lang='lat' dir='ltr'><strong>(laeseris</strong></span> <span class='ocrx_word' id='word_1_28' title='bbox 420 633 614 714; x_wconf 87' lang='lat' dir='ltr'><strong>potestatem</strong></span> <span class='ocrx_word' id='word_1_29' title='bbox 637 628 793 693; x_wconf 87' lang='lat' dir='ltr'><strong>adductus</strong></span> <span class='ocrx_word' id='word_1_30' title='bbox 816 632 908 692; x_wconf 87' lang='lat' dir='ltr'><strong>esset.</strong></span> 
     </span>
    </p>

    <p class='ocr_par' dir='ltr' id='par_1_3' title="bbox 79 723 1123 1101">
     <span class='ocr_line' id='line_1_6' title="bbox 79 723 1122 793; baseline -0.002 -2"><span class='ocrx_word' id='word_1_31' title='bbox 79 743 93 791; x_wconf 88' lang='lat'>1</span> <span class='ocrx_word' id='word_1_32' title='bbox 179 726 341 793; x_wconf 82' lang='lat' dir='ltr'>LXXVII.</span> <span class='ocrx_word' id='word_1_33' title='bbox 378 726 449 791; x_wconf 85' lang='lat' dir='ltr'><strong>Tali</strong></span> <span class='ocrx_word' id='word_1_34' title='bbox 468 726 603 791; x_wconf 84' lang='lat' dir='ltr'><strong>victoria</strong></span> <span class='ocrx_word' id='word_1_35' title='bbox 625 725 744 790; x_wconf 90' lang='lat' dir='ltr'><strong>totiens</strong></span> <span class='ocrx_word' id='word_1_36' title='bbox 762 726 866 790; x_wconf 81' lang='lat' dir='ltr'><strong>victor</strong></span> <span class='ocrx_word' id='word_1_37' title='bbox 885 723 1005 790; x_wconf 75' lang='lat' dir='ltr'><strong>Caesar</strong></span> <span class='ocrx_word' id='word_1_38' title='bbox 1027 726 1122 790; x_wconf 90' lang='lat' dir='ltr'><strong>incre·</strong></span> 
     </span>
     <span class='ocr_line' id='line_1_7' title="bbox 114 821 1123 907; baseline -0.004 -17"><span class='ocrx_word' id='word_1_39' title='bbox 114 824 206 890; x_wconf 89' lang='lat' dir='ltr'><strong>dibili</strong></span> <span class='ocrx_word' id='word_1_40' title='bbox 220 829 269 890; x_wconf 91' lang='lat' dir='ltr'><strong>est</strong></span> <span class='ocrx_word' id='word_1_41' title='bbox 286 824 411 889; x_wconf 87' lang='lat' dir='ltr'><strong>laetitia</strong></span> <span class='ocrx_word' id='word_1_42' title='bbox 429 823 570 907; x_wconf 86' lang='lat' dir='ltr'><strong>affectus,</strong></span> <span class='ocrx_word' id='word_1_43' title='bbox 593 822 680 907; x_wconf 95' lang='lat' dir='ltr'><strong>quod</strong></span> <span class='ocrx_word' id='word_1_44' title='bbox 697 823 874 887; x_wconf 88' lang='lat' dir='ltr'><strong>maximum</strong></span> <span class='ocrx_word' id='word_1_45' title='bbox 892 821 1019 886; x_wconf 89' lang='lat' dir='ltr'><strong>bellum</strong></span> <span class='ocrx_word' id='word_1_46' title='bbox 1036 826 1123 887; x_wconf 87' lang='lat' dir='ltr'><strong>tanta</strong></span> 
     </span>
     <span class='ocr_line' id='line_1_8' title="bbox 114 918 1123 1004; baseline -0.005 -17"><span class='ocrx_word' id='word_1_47' title='bbox 114 921 276 988; x_wconf 90' lang='lat' dir='ltr'><strong>celeritate</strong></span> <span class='ocrx_word' id='word_1_48' title='bbox 296 921 484 1004; x_wconf 89' lang='lat' dir='ltr'><strong>confecerat,</strong></span> <span class='ocrx_word' id='word_1_49' title='bbox 507 941 608 1004; x_wconf 90' lang='lat' dir='ltr'><strong>eoque</strong></span> <span class='ocrx_word' id='word_1_50' title='bbox 627 920 727 984; x_wconf 89' lang='lat' dir='ltr'><strong>subiti</strong></span> <span class='ocrx_word' id='word_1_51' title='bbox 750 918 886 1003; x_wconf 91' lang='lat' dir='ltr'><strong>periculi</strong></span> <span class='ocrx_word' id='word_1_52' title='bbox 904 918 1123 984; x_wconf 73' lang='lat' dir='ltr'><strong>recordatione</strong></span> 
     </span>
     <span class='ocr_line' id='line_1_9' title="bbox 112 1015 1122 1101; baseline -0.002 -19"><span class='ocrx_word' id='word_1_53' title='bbox 112 1019 237 1101; x_wconf 87' lang='lat' dir='ltr'><strong>laetior,</strong></span> <span class='ocrx_word' id='word_1_54' title='bbox 260 1017 346 1101; x_wconf 94' lang='lat' dir='ltr'><strong>quod</strong></span> <span class='ocrx_word' id='word_1_55' title='bbox 363 1017 499 1081; x_wconf 83' lang='lat' dir='ltr'><strong>victoria</strong></span> <span class='ocrx_word' id='word_1_56' title='bbox 516 1016 621 1081; x_wconf 84' lang='lat' dir='ltr'><strong>facilis</strong></span> <span class='ocrx_word' id='word_1_57' title='bbox 642 1039 683 1081; x_wconf 86' lang='lat' dir='ltr'><strong>ex</strong></span> <span class='ocrx_word' id='word_1_58' title='bbox 701 1016 903 1081; x_wconf 88' lang='lat' dir='ltr'><strong>difficillimis</strong></span> <span class='ocrx_word' id='word_1_59' title='bbox 925 1015 1026 1080; x_wconf 90' lang='lat' dir='ltr'><strong>rebus</strong></span> <span class='ocrx_word' id='word_1_60' title='bbox 1048 1016 1122 1081; x_wconf 87' lang='lat' dir='ltr'><strong>acci·</strong></span> 
     </span>
    </p>

    <p class='ocr_par' dir='ltr' id='par_1_4' title="bbox 79 1111 1123 1684">
     <span class='ocr_line' id='line_1_10' title="bbox 79 1111 1122 1198; baseline -0.002 -20"><span class='ocrx_word' id='word_1_61' title='bbox 79 1116 213 1179; x_wconf 77' lang='lat' dir='ltr'><strong>aderat.</strong></span> <span class='ocrx_word' id='word_1_62' title='bbox 245 1114 349 1179; x_wconf 90' lang='lat' dir='ltr'><strong>Ponto</strong></span> <span class='ocrx_word' id='word_1_63' title='bbox 368 1118 496 1198; x_wconf 89' lang='lat' dir='ltr'><strong>recepto</strong></span> <span class='ocrx_word' id='word_1_64' title='bbox 519 1114 636 1198; x_wconf 88' lang='lat' dir='ltr'><strong>praeda</strong></span> <span class='ocrx_word' id='word_1_65' title='bbox 657 1112 745 1178; x_wconf 93' lang='lat' dir='ltr'><strong>omni</strong></span> <span class='ocrx_word' id='word_1_66' title='bbox 762 1112 852 1197; x_wconf 86' lang='lat' dir='ltr'><strong>regia</strong></span> <span class='ocrx_word' id='word_1_67' title='bbox 873 1111 1037 1176; x_wconf 82' lang='lat' dir='ltr'><strong>militibus</strong></span> <span class='ocrx_word' id='word_1_68' title='bbox 1055 1133 1122 1176; x_wconf 92' lang='lat' dir='ltr'><strong>con·</strong></span> 
     </span>
     <span class='ocr_line' id='line_1_11' title="bbox 115 1208 1123 1295; baseline -0.003 -20"><span class='ocrx_word' id='word_1_69' title='bbox 115 1213 235 1276; x_wconf 89' lang='lat' dir='ltr'><strong>donata</strong></span> <span class='ocrx_word' id='word_1_70' title='bbox 261 1215 390 1295; x_wconf 90' lang='lat' dir='ltr'><strong>postero</strong></span> <span class='ocrx_word' id='word_1_71' title='bbox 414 1211 465 1275; x_wconf 91' lang='lat' dir='ltr'><strong>die</strong></span> <span class='ocrx_word' id='word_1_72' title='bbox 493 1233 565 1275; x_wconf 94' lang='lat' dir='ltr'><strong>cum</strong></span> <span class='ocrx_word' id='word_1_73' title='bbox 589 1210 746 1294; x_wconf 86' lang='lat' dir='ltr'><strong>expeditis</strong></span> <span class='ocrx_word' id='word_1_74' title='bbox 769 1208 933 1293; x_wconf 89' lang='lat' dir='ltr'><strong>equitibus</strong></span> <span class='ocrx_word' id='word_1_75' title='bbox 957 1209 1029 1292; x_wconf 91' lang='lat' dir='ltr'><strong>ipse</strong></span> <span class='ocrx_word' id='word_1_76' title='bbox 1055 1230 1123 1293; x_wconf 90' lang='lat' dir='ltr'><strong>pro·</strong></span> 
     </span>
     <span class='ocr_line' id='line_1_12' title="bbox 114 1305 1122 1393; baseline -0.004 -20"><span class='ocrx_word' id='word_1_77' title='bbox 114 1309 278 1393; x_wconf 87' lang='lat' dir='ltr'><strong>ficiscitur,</strong></span> <span class='ocrx_word' id='word_1_78' title='bbox 300 1308 461 1393; x_wconf 83' lang='lat' dir='ltr'><strong>legionem</strong></span> <span class='ocrx_word' id='word_1_79' title='bbox 484 1311 609 1372; x_wconf 85' lang='lat' dir='ltr'><strong>sextam</strong></span> <span class='ocrx_word' id='word_1_80' title='bbox 629 1307 778 1371; x_wconf 86' lang='lat' dir='ltr'><strong>decedere</strong></span> <span class='ocrx_word' id='word_1_81' title='bbox 801 1307 841 1370; x_wconf 86' lang='lat' dir='ltr'><strong>ad</strong></span> <span class='ocrx_word' id='word_1_82' title='bbox 863 1305 1009 1389; x_wconf 85' lang='lat' dir='ltr'><strong>praemia</strong></span> <span class='ocrx_word' id='word_1_83' title='bbox 1031 1309 1122 1390; x_wconf 90' lang='lat' dir='ltr'><strong>atque</strong></span> 
     </span>
     <span class='ocr_line' id='line_1_13' title="bbox 113 1401 1123 1490; baseline -0.004 -19"><span class='ocrx_word' id='word_1_84' title='bbox 113 1406 252 1471; x_wconf 90' lang='lat' dir='ltr'><strong>honores</strong></span> <span class='ocrx_word' id='word_1_85' title='bbox 275 1406 476 1490; x_wconf 88' lang='lat' dir='ltr'><strong>accipiendos</strong></span> <span class='ocrx_word' id='word_1_86' title='bbox 498 1405 533 1470; x_wconf 93' lang='lat' dir='ltr'><strong>in</strong></span> <span class='ocrx_word' id='word_1_87' title='bbox 556 1404 685 1469; x_wconf 87' lang='lat' dir='ltr'><strong>Italiam</strong></span> <span class='ocrx_word' id='word_1_88' title='bbox 708 1404 811 1487; x_wconf 89' lang='lat' dir='ltr'><strong>iubet,</strong></span> <span class='ocrx_word' id='word_1_89' title='bbox 836 1401 959 1467; x_wconf 88' lang='lat' dir='ltr'><strong>auxilia</strong></span> <span class='ocrx_word' id='word_1_90' title='bbox 980 1402 1123 1468; x_wconf 84' lang='lat' dir='ltr'><strong>Deiotari</strong></span> 
     </span>
     <span class='ocr_line' id='line_1_14' title="bbox 115 1498 1123 1587; baseline -0.002 -20"><span class='ocrx_word' id='word_1_91' title='bbox 115 1503 248 1568; x_wconf 91' lang='lat' dir='ltr'><strong>domum</strong></span> <span class='ocrx_word' id='word_1_92' title='bbox 272 1503 423 1586; x_wconf 87' lang='lat' dir='ltr'><strong>remittit,</strong></span> <span class='ocrx_word' id='word_1_93' title='bbox 451 1502 529 1566; x_wconf 88' lang='lat' dir='ltr'><strong>duas</strong></span> <span class='ocrx_word' id='word_1_94' title='bbox 554 1501 697 1587; x_wconf 85' lang='lat' dir='ltr'><strong>legiones</strong></span> <span class='ocrx_word' id='word_1_95' title='bbox 725 1522 797 1565; x_wconf 94' lang='lat' dir='ltr'><strong>cum</strong></span> <span class='ocrx_word' id='word_1_96' title='bbox 821 1498 930 1565; x_wconf 77' lang='lat' dir='ltr'><strong>Coelio</strong></span> <span class='ocrx_word' id='word_1_97' title='bbox 953 1498 1123 1565; x_wconf 81' lang='lat' dir='ltr'><strong>Viniciana</strong></span> 
     </span>
     <span class='ocr_line' id='line_1_15' title="bbox 114 1599 575 1684; baseline -0.004 -20"><span class='ocrx_word' id='word_1_98' title='bbox 114 1601 149 1664; x_wconf 92' lang='lat' dir='ltr'><strong>in</strong></span> <span class='ocrx_word' id='word_1_99' title='bbox 172 1599 276 1665; x_wconf 90' lang='lat' dir='ltr'><strong>Ponto</strong></span> <span class='ocrx_word' id='word_1_100' title='bbox 299 1599 462 1682; x_wconf 89' lang='lat' dir='ltr'><strong>relinquit.</strong></span> <span class='ocrx_word' id='word_1_101' title='bbox 573 1679 575 1684; x_wconf 21' lang='grc' dir='ltr'>Ι</span> 
     </span>
    </p>

    <p class='ocr_par' dir='ltr' id='par_1_5' title="bbox 82 1693 1125 1974">
     <span class='ocr_line' id='line_1_16' title="bbox 82 1693 1124 1781; baseline 0.001 -23"><span class='ocrx_word' id='word_1_102' title='bbox 82 1710 96 1757; x_wconf 83' lang='grc'>1</span> <span class='ocrx_word' id='word_1_103' title='bbox 182 1693 359 1759; x_wconf 82' lang='lat' dir='ltr'><strong>LXXVMI.</strong></span> <span class='ocrx_word' id='word_1_104' title='bbox 390 1693 441 1759; x_wconf 93' lang='lat' dir='ltr'><strong>Ita</strong></span> <span class='ocrx_word' id='word_1_105' title='bbox 464 1717 522 1778; x_wconf 88' lang='lat' dir='ltr'><strong>per</strong></span> <span class='ocrx_word' id='word_1_106' title='bbox 545 1695 798 1781; x_wconf 81' lang='lat' dir='ltr'><strong>Gallograeciam</strong></span> <span class='ocrx_word' id='word_1_107' title='bbox 815 1694 1071 1780; x_wconf 87' lang='lat' dir='ltr'><strong>Bithyniamque</strong></span> <span class='ocrx_word' id='word_1_108' title='bbox 1093 1695 1124 1759; x_wconf 91' lang='lat' dir='ltr'><strong>in</strong></span> 
     </span>
     <span class='ocr_line' id='line_1_17' title="bbox 116 1791 1125 1876; baseline 0 -20"><span class='ocrx_word' id='word_1_109' title='bbox 116 1791 229 1856; x_wconf 83' lang='lat' dir='ltr'><strong>Asiam</strong></span> <span class='ocrx_word' id='word_1_110' title='bbox 256 1792 319 1856; x_wconf 90' lang='lat' dir='ltr'><strong>iter</strong></span> <span class='ocrx_word' id='word_1_111' title='bbox 344 1791 423 1855; x_wconf 86' lang='lat' dir='ltr'><strong>facit</strong></span> <span class='ocrx_word' id='word_1_112' title='bbox 452 1793 658 1876; x_wconf 91' lang='lat' dir='ltr'><strong>omniumque</strong></span> <span class='ocrx_word' id='word_1_113' title='bbox 685 1815 794 1857; x_wconf 90' lang='lat' dir='ltr'><strong>earum</strong></span> <span class='ocrx_word' id='word_1_114' title='bbox 821 1792 1062 1876; x_wconf 84' lang='lat' dir='ltr'><strong>provinciarum</strong></span> <span class='ocrx_word' id='word_1_115' title='bbox 1088 1791 1125 1856; x_wconf 94' lang='lat' dir='ltr'><strong>de</strong></span> 
     </span>
     <span class='ocr_line' id='line_1_18' title="bbox 117 1888 1124 1974; baseline 0 -20"><span class='ocrx_word' id='word_1_116' title='bbox 117 1888 342 1954; x_wconf 84' lang='lat' dir='ltr'><strong>controversiis</strong></span> <span class='ocrx_word' id='word_1_117' title='bbox 371 1888 536 1972; x_wconf 86' lang='lat' dir='ltr'><strong>cognoscit</strong></span> <span class='ocrx_word' id='word_1_118' title='bbox 563 1893 595 1953; x_wconf 90' lang='lat' dir='ltr'><strong>et</strong></span> <span class='ocrx_word' id='word_1_119' title='bbox 621 1891 749 1974; x_wconf 82' lang='lat' dir='ltr'><strong>statuit3</strong></span> <span class='ocrx_word' id='word_1_120' title='bbox 779 1891 850 1953; x_wconf 87' lang='lat' dir='ltr'><strong>iura</strong></span> <span class='ocrx_word' id='word_1_121' title='bbox 876 1889 911 1953; x_wconf 92' lang='lat' dir='ltr'><strong>in</strong></span> <span class='ocrx_word' id='word_1_122' title='bbox 938 1888 1124 1972; x_wconf 80' lang='lat' dir='ltr'><strong>tetrarchas,</strong></span> 
     </span>
    </p>

    <p class='ocr_par' dir='ltr' id='par_1_6' title="bbox 82 1983 1127 2845">
     <span class='ocr_line' id='line_1_19' title="bbox 82 1983 1125 2071; baseline 0.004 -23"><span class='ocrx_word' id='word_1_123' title='bbox 82 2000 223 2071; x_wconf 77' lang='lat' dir='ltr'><strong>areges,</strong></span> <span class='ocrx_word' id='word_1_124' title='bbox 251 1984 396 2048; x_wconf 80' lang='lat' dir='ltr'><strong>civitates</strong></span> <span class='ocrx_word' id='word_1_125' title='bbox 424 1983 598 2049; x_wconf 86' lang='lat' dir='ltr'><strong>distribuit.</strong></span> <span class='ocrx_word' id='word_1_126' title='bbox 643 1984 854 2049; x_wconf 86' lang='lat' dir='ltr'><strong>Mithridaten</strong></span> <span class='ocrx_word' id='word_1_127' title='bbox 880 1984 1125 2070; x_wconf 87' lang='lat' dir='ltr'><strong>Pergamenum,</strong></span> 
     </span>
     <span class='ocr_line' id='line_1_20' title="bbox 116 2080 1125 2170; baseline -0.002 -20"><span class='ocrx_word' id='word_1_128' title='bbox 116 2105 139 2150; x_wconf 84' lang='lat' dir='ltr'><strong>o</strong></span> <span class='ocrx_word' id='word_1_129' title='bbox 166 2103 229 2166; x_wconf 91' lang='lat' dir='ltr'><strong>quo</strong></span> <span class='ocrx_word' id='word_1_130' title='bbox 261 2103 329 2145; x_wconf 91' lang='lat' dir='ltr'><strong>rem</strong></span> <span class='ocrx_word' id='word_1_131' title='bbox 360 2080 497 2144; x_wconf 91' lang='lat' dir='ltr'><strong>feliciter</strong></span> <span class='ocrx_word' id='word_1_132' title='bbox 524 2081 742 2166; x_wconf 50' lang='lat' dir='ltr'><strong>celeriterque*</strong></span> <span class='ocrx_word' id='word_1_133' title='bbox 762 2086 886 2168; x_wconf 87' lang='lat' dir='ltr'><strong>gestam</strong></span> <span class='ocrx_word' id='word_1_134' title='bbox 913 2083 948 2147; x_wconf 92' lang='lat' dir='ltr'><strong>in</strong></span> <span class='ocrx_word' id='word_1_135' title='bbox 975 2082 1125 2170; x_wconf 84' lang='lat' dir='ltr'><strong>Aegypto</strong></span> 
     </span>
     <span class='ocr_line' id='line_1_21' title="bbox 117 2177 1126 2265; baseline 0 -21"><span class='ocrx_word' id='word_1_136' title='bbox 117 2177 428 2264; x_wconf 90' lang='lat' dir='ltr'><strong>suprascripsimus,</strong></span> <span class='ocrx_word' id='word_1_137' title='bbox 451 2179 539 2264; x_wconf 87' lang='lat' dir='ltr'><strong>regio</strong></span> <span class='ocrx_word' id='word_1_138' title='bbox 559 2201 673 2265; x_wconf 87' lang='lat' dir='ltr'><strong>genere</strong></span> <span class='ocrx_word' id='word_1_139' title='bbox 691 2182 808 2263; x_wconf 89' lang='lat' dir='ltr'><strong>ortum,</strong></span> <span class='ocrx_word' id='word_1_140' title='bbox 831 2178 1011 2263; x_wconf 86' lang='lat' dir='ltr'><strong>disciplinis</strong></span> <span class='ocrx_word' id='word_1_141' title='bbox 1031 2181 1126 2246; x_wconf 89' lang='lat' dir='ltr'><strong>etiam</strong></span> 
     </span>
     <span class='ocr_line' id='line_1_22' title="bbox 116 2274 1126 2362; baseline -0.001 -20"><span class='ocrx_word' id='word_1_142' title='bbox 116 2277 215 2362; x_wconf 87' lang='lat' dir='ltr'><strong>regiis</strong></span> <span class='ocrx_word' id='word_1_143' title='bbox 243 2276 412 2340; x_wconf 89' lang='lat' dir='ltr'><strong>educatum</strong></span> <span class='ocrx_word' id='word_1_144' title='bbox 434 2313 479 2322; x_wconf 91' lang='lat'><em>-</em></span> <span class='ocrx_word' id='word_1_145' title='bbox 501 2298 576 2339; x_wconf 91' lang='lat' dir='ltr'><strong>nam</strong></span> <span class='ocrx_word' id='word_1_146' title='bbox 604 2299 677 2341; x_wconf 90' lang='lat' dir='ltr'><strong>eum</strong></span> <span class='ocrx_word' id='word_1_147' title='bbox 700 2274 919 2360; x_wconf 89' lang='lat' dir='ltr'><strong>Mithridates,</strong></span> <span class='ocrx_word' id='word_1_148' title='bbox 949 2299 1008 2341; x_wconf 86' lang='lat' dir='ltr'><strong>rex</strong></span> <span class='ocrx_word' id='word_1_149' title='bbox 1030 2276 1126 2342; x_wconf 87' lang='lat' dir='ltr'><strong>Asiae</strong></span> 
     </span>
     <span class='ocr_line' id='line_1_23' title="bbox 117 2372 1126 2458; baseline 0.002 -19"><span class='ocrx_word' id='word_1_150' title='bbox 117 2374 232 2456; x_wconf 74' lang='lat' dir='ltr'><strong>totiuS,</strong></span> <span class='ocrx_word' id='word_1_151' title='bbox 258 2376 391 2456; x_wconf 90' lang='lat' dir='ltr'><strong>propter</strong></span> <span class='ocrx_word' id='word_1_152' title='bbox 413 2372 615 2437; x_wconf 86' lang='lat' dir='ltr'><strong>nobilitatem</strong></span> <span class='ocrx_word' id='word_1_153' title='bbox 638 2372 796 2458; x_wconf 88' lang='lat' dir='ltr'><strong>Pergamo</strong></span> <span class='ocrx_word' id='word_1_154' title='bbox 823 2373 995 2457; x_wconf 80' lang='lat' dir='ltr'><strong>parurlum</strong></span> <span class='ocrx_word' id='word_1_155' title='bbox 1018 2396 1126 2441; x_wconf 89' lang='lat' dir='ltr'><strong>secum</strong></span> 
     </span>
     <span class='ocr_line' id='line_1_24' title="bbox 118 2469 1127 2554; baseline 0.003 -20"><span class='ocrx_word' id='word_1_156' title='bbox 118 2474 338 2554; x_wconf 84' lang='lat' dir='ltr'><strong>asportaverat</strong></span> <span class='ocrx_word' id='word_1_157' title='bbox 365 2470 399 2534; x_wconf 95' lang='lat' dir='ltr'><strong>in</strong></span> <span class='ocrx_word' id='word_1_158' title='bbox 423 2475 527 2534; x_wconf 87' lang='lat' dir='ltr'><strong>castra</strong></span> <span class='ocrx_word' id='word_1_159' title='bbox 549 2469 733 2554; x_wconf 89' lang='lat' dir='ltr'><strong>multosque</strong></span> <span class='ocrx_word' id='word_1_160' title='bbox 755 2470 931 2534; x_wconf 87' lang='lat' dir='ltr'><strong>retinuerat</strong></span> <span class='ocrx_word' id='word_1_161' title='bbox 958 2492 1063 2537; x_wconf 87' lang='lat' dir='ltr'><strong>annos</strong></span> <span class='ocrx_word' id='word_1_162' title='bbox 1085 2509 1127 2521; x_wconf 89' lang='lat'><strong>-—</strong></span> 
     </span>
     <span class='ocr_line' id='line_1_25' title="bbox 117 2565 1127 2654; baseline 0.004 -23"><span class='ocrx_word' id='word_1_163' title='bbox 117 2589 226 2653; x_wconf 87' lang='lat' dir='ltr'><strong>regem</strong></span> <span class='ocrx_word' id='word_1_164' title='bbox 248 2565 410 2650; x_wconf 89' lang='lat' dir='ltr'><strong>Bosphori</strong></span> <span class='ocrx_word' id='word_1_165' title='bbox 438 2565 619 2649; x_wconf 91' lang='lat' dir='ltr'><strong>constituit,</strong></span> <span class='ocrx_word' id='word_1_166' title='bbox 647 2567 733 2650; x_wconf 93' lang='lat' dir='ltr'><strong>quod</strong></span> <span class='ocrx_word' id='word_1_167' title='bbox 755 2588 884 2650; x_wconf 73' lang='lat' dir='ltr'><strong>repetem</strong></span> <span class='ocrx_word' id='word_1_168' title='bbox 906 2567 966 2632; x_wconf 89' lang='lat' dir='ltr'><strong>sub</strong></span> <span class='ocrx_word' id='word_1_169' title='bbox 990 2569 1127 2654; x_wconf 89' lang='lat' dir='ltr'><strong>imperio</strong></span> 
     </span>
     <span class='ocr_line' id='line_1_26' title="bbox 117 2661 1127 2746; baseline 0.006 -20"><span class='ocrx_word' id='word_1_170' title='bbox 117 2661 292 2726; x_wconf 86' lang='lat' dir='ltr'><strong>Pharnacis</strong></span> <span class='ocrx_word' id='word_1_171' title='bbox 316 2662 430 2745; x_wconf 87' lang='lat' dir='ltr'><strong>fuerat,</strong></span> <span class='ocrx_word' id='word_1_172' title='bbox 453 2663 697 2746; x_wconf 81' lang='lat' dir='ltr'><strong>provinciasque</strong></span> <span class='ocrx_word' id='word_1_173' title='bbox 719 2661 833 2746; x_wconf 91' lang='lat' dir='ltr'><strong>populi</strong></span> <span class='ocrx_word' id='word_1_174' title='bbox 854 2661 994 2731; x_wconf 87' lang='lat' dir='ltr'><strong>Romani</strong></span> <span class='ocrx_word' id='word_1_175' title='bbox 1016 2688 1037 2730; x_wconf 89' lang='lat' dir='ltr'><strong>a</strong></span> <span class='ocrx_word' id='word_1_176' title='bbox 1059 2667 1127 2732; x_wconf 85' lang='lat' dir='ltr'><strong>bar·</strong></span> 
     </span>
     <span class='ocr_line' id='line_1_27' title="bbox 117 2756 1127 2845; baseline 0.008 -24"><span class='ocrx_word' id='word_1_177' title='bbox 117 2756 204 2822; x_wconf 89' lang='lat' dir='ltr'><strong>baris</strong></span> <span class='ocrx_word' id='word_1_178' title='bbox 237 2763 333 2842; x_wconf 88' lang='lat' dir='ltr'><strong>atque</strong></span> <span class='ocrx_word' id='word_1_179' title='bbox 365 2757 504 2823; x_wconf 92' lang='lat' dir='ltr'><strong>inimicis</strong></span> <span class='ocrx_word' id='word_1_180' title='bbox 540 2757 670 2842; x_wconf 86' lang='lat' dir='ltr'><strong>regibus</strong></span> <span class='ocrx_word' id='word_1_181' title='bbox 706 2760 897 2845; x_wconf 85' lang='lat' dir='ltr'><strong>interposito</strong></span> <span class='ocrx_word' id='word_1_182' title='bbox 932 2762 1127 2829; x_wconf 89' lang='lat' dir='ltr'><strong>amicissimo</strong></span> 
     </span>
    </p>

    <p class='ocr_par' dir='ltr' id='par_1_7' title="bbox 83 2854 1128 3044">
     <span class='ocr_line' id='line_1_28' title="bbox 83 2854 1128 2947; baseline 0.004 -28"><span class='ocrx_word' id='word_1_183' title='bbox 83 2871 99 2919; x_wconf 82' lang='lat'><strong>3</strong></span> <span class='ocrx_word' id='word_1_184' title='bbox 118 2875 193 2938; x_wconf 84' lang='lat' dir='ltr'><strong>rege</strong></span> <span class='ocrx_word' id='word_1_185' title='bbox 215 2855 362 2920; x_wconf 80' lang='lat' dir='ltr'><strong>munivit.</strong></span> <span class='ocrx_word' id='word_1_186' title='bbox 402 2855 518 2919; x_wconf 84' lang='lat' dir='ltr'><strong>Eidem</strong></span> <span class='ocrx_word' id='word_1_187' title='bbox 536 2854 742 2920; x_wconf 86' lang='lat' dir='ltr'><strong>tetrarchiam</strong></span> <span class='ocrx_word' id='word_1_188' title='bbox 765 2856 920 2943; x_wconf 86' lang='lat' dir='ltr'><strong>[legibus]</strong></span> <span class='ocrx_word' id='word_1_189' title='bbox 945 2856 1128 2947; x_wconf 75' lang='lat' dir='ltr'><strong>Gallograe</strong></span> 
     </span>
     <span class='ocr_line' id='line_1_29' title="bbox 120 2952 1128 3044; baseline 0.011 -31"><span class='ocrx_word' id='word_1_190' title='bbox 120 2971 230 3014; x_wconf 92' lang='lat' dir='ltr'><strong>corum</strong></span> <span class='ocrx_word' id='word_1_191' title='bbox 257 2952 326 3016; x_wconf 90' lang='lat' dir='ltr'><strong>iure</strong></span> <span class='ocrx_word' id='word_1_192' title='bbox 354 2953 459 3037; x_wconf 88' lang='lat' dir='ltr'><strong>gentis</strong></span> <span class='ocrx_word' id='word_1_193' title='bbox 484 2957 516 3017; x_wconf 90' lang='lat' dir='ltr'><strong>et</strong></span> <span class='ocrx_word' id='word_1_194' title='bbox 546 2953 745 3036; x_wconf 89' lang='lat' dir='ltr'><strong>cognationis</strong></span> <span class='ocrx_word' id='word_1_195' title='bbox 773 2955 968 3021; x_wconf 79' lang='lat' dir='ltr'><strong>adjudicavit</strong></span> <span class='ocrx_word' id='word_1_196' title='bbox 995 2979 1128 3044; x_wconf 77' lang='lat' dir='ltr'><strong>occupa</strong></span> 
     </span>
    </p>

    <p class='ocr_par' dir='ltr' id='par_1_8' title="bbox 83 3047 1131 3232">
     <span class='ocr_line' id='line_1_30' title="bbox 83 3047 1131 3140; baseline 0.01 -31"><span class='ocrx_word' id='word_1_197' title='bbox 83 3064 101 3110; x_wconf 82' lang='lat'>4</span> <span class='ocrx_word' id='word_1_198' title='bbox 120 3050 187 3109; x_wconf 91' lang='lat' dir='ltr'><strong>tam</strong></span> <span class='ocrx_word' id='word_1_199' title='bbox 206 3051 238 3110; x_wconf 93' lang='lat' dir='ltr'><strong>et</strong></span> <span class='ocrx_word' id='word_1_200' title='bbox 255 3047 435 3130; x_wconf 86' lang='lat' dir='ltr'><strong>possessam</strong></span> <span class='ocrx_word' id='word_1_201' title='bbox 453 3049 566 3133; x_wconf 87' lang='lat' dir='ltr'><strong>paucis</strong></span> <span class='ocrx_word' id='word_1_202' title='bbox 585 3052 659 3113; x_wconf 89' lang='lat' dir='ltr'><strong>ante</strong></span> <span class='ocrx_word' id='word_1_203' title='bbox 677 3051 769 3115; x_wconf 92' lang='lat' dir='ltr'><strong>annis</strong></span> <span class='ocrx_word' id='word_1_204' title='bbox 788 3051 982 3117; x_wconf 88' lang='lat' dir='ltr'><strong>aDeiotaro.</strong></span> <span class='ocrx_word' id='word_1_205' title='bbox 1013 3052 1131 3140; x_wconf 85' lang='lat' dir='ltr'><strong>Neque</strong></span> 
     </span>
     <span class='ocr_line' id='line_1_31' title="bbox 120 3145 1129 3232; baseline 0.013 -28"><span class='ocrx_word' id='word_1_206' title='bbox 120 3145 227 3206; x_wconf 87' lang='lat' dir='ltr'><strong>tamen</strong></span> <span class='ocrx_word' id='word_1_207' title='bbox 254 3165 389 3227; x_wconf 89' lang='lat' dir='ltr'><strong>usquam</strong></span> <span class='ocrx_word' id='word_1_208' title='bbox 418 3146 539 3211; x_wconf 91' lang='lat' dir='ltr'><strong>diutius</strong></span> <span class='ocrx_word' id='word_1_209' title='bbox 567 3150 711 3210; x_wconf 91' lang='lat' dir='ltr'><strong>moratus</strong></span> <span class='ocrx_word' id='word_1_210' title='bbox 735 3152 798 3232; x_wconf 91' lang='lat' dir='ltr'><strong>est,</strong></span> <span class='ocrx_word' id='word_1_211' title='bbox 830 3170 927 3232; x_wconf 91' lang='lat' dir='ltr'><strong>quam</strong></span> <span class='ocrx_word' id='word_1_212' title='bbox 953 3152 1129 3217; x_wconf 85' lang='lat' dir='ltr'><strong>necessitas</strong></span> 
     </span>
    </p>

    <p class='ocr_par' dir='ltr' id='par_1_9' title="bbox 85 3238 1129 3326">
     <span class='ocr_line' id='line_1_32' title="bbox 85 3238 1129 3326; baseline 0.011 -25"><span class='ocrx_word' id='word_1_213' title='bbox 85 3238 315 3303; x_wconf 74' lang='lat' dir='ltr'><strong>turbauerum</strong></span> <span class='ocrx_word' id='word_1_214' title='bbox 343 3242 535 3307; x_wconf 90' lang='lat' dir='ltr'><strong>seditionum</strong></span> <span class='ocrx_word' id='word_1_215' title='bbox 562 3243 632 3326; x_wconf 90' lang='lat' dir='ltr'><strong>pati</strong></span> <span class='ocrx_word' id='word_1_216' title='bbox 654 3243 830 3309; x_wconf 83' lang='lat' dir='ltr'><strong>ridebatur.</strong></span> <span class='ocrx_word' id='word_1_217' title='bbox 876 3245 986 3310; x_wconf 89' lang='lat' dir='ltr'><strong>Rebus</strong></span> <span class='ocrx_word' id='word_1_218' title='bbox 1013 3246 1129 3314; x_wconf 84' lang='lat' dir='ltr'><strong>felicis-</strong></span> 
     </span>
    </p>
   </div>
   <div class='ocr_carea' id='block_1_3' title="bbox 122 3333 1130 3512">
    <p class='ocr_par' dir='ltr' id='par_1_10' title="bbox 122 3333 1130 3512">
     <span class='ocr_line' id='line_1_33' title="bbox 122 3333 1130 3421; baseline 0.017 -25"><span class='ocrx_word' id='word_1_219' title='bbox 122 3333 202 3398; x_wconf 91' lang='lat' dir='ltr'><strong>sime</strong></span> <span class='ocrx_word' id='word_1_220' title='bbox 220 3335 447 3421; x_wconf 87' lang='lat' dir='ltr'><strong>celerrimeque</strong></span> <span class='ocrx_word' id='word_1_221' title='bbox 467 3338 621 3404; x_wconf 85' lang='lat' dir='ltr'><strong>confectis</strong></span> <span class='ocrx_word' id='word_1_222' title='bbox 640 3340 674 3404; x_wconf 90' lang='lat' dir='ltr'><strong>in</strong></span> <span class='ocrx_word' id='word_1_223' title='bbox 692 3340 820 3406; x_wconf 89' lang='lat' dir='ltr'><strong>ltaliam</strong></span> <span class='ocrx_word' id='word_1_224' title='bbox 835 3342 970 3408; x_wconf 89' lang='lat' dir='ltr'><strong>celerius</strong></span> <span class='ocrx_word' id='word_1_225' title='bbox 984 3347 1130 3413; x_wconf 87' lang='lat' dir='ltr'><strong>omnium</strong></span> 
     </span>
     <span class='ocr_line' id='line_1_34' title="bbox 122 3430 392 3512; baseline 0.015 -20"><span class='ocrx_word' id='word_1_226' title='bbox 122 3430 270 3512; x_wconf 90' lang='lat' dir='ltr'><strong>opinione</strong></span> <span class='ocrx_word' id='word_1_227' title='bbox 295 3432 392 3496; x_wconf 86' lang='lat' dir='ltr'><strong>venit.</strong></span> 
     </span>
    </p>
   </div>
   <div class='ocr_carea' id='block_1_4' title="bbox 517 3572 729 3581">
    <p class='ocr_par' dir='ltr' id='par_1_11' title="bbox 517 3572 729 3581">
     <span class='ocr_line' id='line_1_35' title="bbox 517 3572 729 3581; baseline 0.009 -2"><span class='ocrx_word' id='word_1_228' title='bbox 517 3572 729 3581; x_wconf 70' lang='lat' dir='ltr'><strong>——u---·—-..-</strong></span> 
     </span>
    </p>
   </div>
   <div class='ocr_carea' id='block_1_5' title="bbox 0 0 1217 3968">
    <p class='ocr_par' dir='ltr' id='par_1_12' title="bbox 0 0 1217 3968">
     <span class='ocr_line' id='line_1_36' title="bbox 0 0 1217 3968; baseline 0 0"><span class='ocrx_word' id='word_1_229' title='bbox 0 0 1217 3968; x_wconf 95' lang='lat' dir='ltr'><strong> </strong></span> 
     </span>
    </p>
   </div>
  </div>
 </body>
</html>
