2414 3968
440 199 516 255 CAP.
537 200 729 255 LXH—LXV.
1050 202 1091 266 41

83 351 322 427 oppresserunt
368 343 547 421 Quodnisi
571 342 680 408 celerit
666 349 716 408 ter
742 344 962 430 indignatione
986 350 1018 411 et
1041 368 1093 410 au·
1113 361 1131 410 o

83 441 163 506 xilio
185 441 301 525 Lepidi
322 441 481 527 proelium
505 445 590 507 esset
612 440 816 558 diremptum,
842 443 946 507 maior
968 442 1093 506 celemi-

83 542 134 601 tas
158 543 243 603 esset
266 543 403 622 accepte.
1161 574 1164 579 ⁴

150 632 284 698 LXIIII
321 633 403 698 Gum
424 634 487 700 iter
510 633 621 701 Cassio
644 636 840 719 patefactum
863 639 1127 721 esset,cestra1

82 731 255 796 Marcellus
297 752 371 794 cum
409 729 532 814 Lepido
575 733 750 818 coniungit.
803 734 945 845 Lepidus
982 734 1094 798 eodem

83 833 228 912 tempore
260 827 495 913 Marcellusque
527 825 708 894 Cordubam
741 853 814 896 cum
846 832 929 916 suis,
964 830 1119 895 (lessius-

83 924 298 1009 proficiscitur
321 923 519 988 Carmonem.
566 923 633 990 Sub
656 927 741 992 idem
763 932 892 1013 tempus
914 927 1094 994 Trebonius
1113 941 1130 990 2

82 1021 256 1106 proconsul
279 1020 319 1085 ad
340 1021 540 1106 provinciam
559 1022 765 1087 obtinendam
787 1024 884 1089 venit.
929 1024 978 1089 De
1002 1024 1093 1088 cuius

84 1120 222 1183 adventu
241 1122 278 1183 ut
296 1117 449 1202 cognovit
467 1116 609 1203 (lessius,
631 1119 788 1205 legiones,
812 1144 892 1206 ques
911 1144 1020 1187 secum
1038 1120 1093 1185 ha·
1116 1154 1119 1161 ⁴

83 1217 207 1300 bueret,
230 1215 473 1299 equitatumque
496 1214 531 1278 in
552 1214 687 1280 hiberna
705 1219 883 1303 distribuit,
906 1220 975 1302 ipse
994 1219 1094 1283 omni-

83 1314 145 1378 bus
173 1312 241 1377 suis
269 1310 366 1376 rebus
394 1311 540 1376 celeriter
566 1315 722 1398 correptis
744 1314 901 1380 Malacam
930 1315 1094 1381 contendit

84 1411 193 1494 ibique
213 1409 346 1474 adverso
360 1412 504 1492 tempore
522 1408 695 1496 navigandi
708 1434 822 1476 nevem
841 1413 1035 1496 conscendit,
1057 1415 1094 1476 ut

84 1509 152 1592 ipse
179 1505 398 1590 praedicabat,
424 1527 465 1570 ne
493 1527 527 1570 se
553 1505 675 1590 Lepido
703 1512 736 1572 et
763 1507 923 1573 Trebonio
951 1512 984 1575 et
1010 1506 1094 1572 Mar·

84 1605 164 1671 cello
192 1603 424 1687 committeret,
453 1607 491 1667 ut
518 1603 612 1668 amici
640 1605 709 1670 eius
738 1605 943 1690 dictitabant,
969 1628 1009 1670 ne
1036 1627 1095 1689 per
1119 1605 1121 1610 ’

83 1724 154 1767 eem
189 1700 388 1784 provinciam
419 1700 543 1765 minore
578 1722 650 1766 cum
684 1702 841 1788 dignitate
873 1703 936 1767 iter
966 1702 1094 1785 faceret,

83 1799 175 1863 cuius
198 1818 315 1882 magna
337 1819 411 1881 pars
435 1797 475 1862 ab
499 1820 536 1862 eo
561 1798 731 1884 defecerat,
754 1804 792 1865 ut
815 1800 912 1865 ceteri
933 1799 1093 1865 existima-

82 1895 176 1977 bant,
202 1915 242 1957 ne
269 1893 405 1977 pecunia
432 1892 489 1958 illa
511 1916 551 1958 ex
577 1896 713 1961 infinitis
741 1898 863 1980 rapinis
891 1897 1036 1961 confecta
1058 1896 1093 1960 in

83 1993 278 2075 potestatem
301 1990 489 2073 cuiusquam
512 1991 643 2056 veniret.
682 1992 877 2078 Progressus
896 1992 1035 2058 secunda
1056 1997 1129 2057 uta

82 2086 219 2151 hiberna
254 2089 445 2169 tempestate
477 2108 550 2151 cum
581 2089 616 2152 in
646 2087 805 2154 Hiberum
836 2091 957 2154 flumen
988 2089 1093 2154 noctis

83 2182 234 2248 vitandae
253 2203 349 2246 eausa
367 2203 400 2245 se
419 2181 618 2266 contulisset,
640 2185 713 2248 inde
736 2186 832 2269 poulo
854 2185 1093 2250 vehementiore

83 2282 286 2364 tempestate,
304 2277 408 2342 nihilo
426 2278 637 2363 periculosius
656 2302 690 2345 se
708 2281 934 2366 navigaturum
953 2282 1093 2365 credens,

82 2377 247 2464 profectus
270 2375 412 2439 adversis
438 2375 591 2440 fiuctibus
619 2379 860 2442 occurrentibus
883 2379 966 2442 ostio
989 2377 1094 2442 flumi-

82 2476 144 2559 nis,
166 2474 202 2538 in
214 2473 294 2558 ipsis
308 2472 466 2556 faucibus,
485 2493 558 2536 cum
571 2495 674 2558 neque
688 2475 816 2539 flectere
830 2497 944 2539 navem
962 2478 1094 2559 propter

82 2574 150 2638 vim
176 2570 321 2636 fluminis
353 2591 456 2654 neque
490 2570 648 2635 derectam
678 2573 778 2636 tentis
805 2573 884 2636 fluct
885 2573 958 2637 ibus
985 2576 1094 2636 tenere

82 2672 202 2754 posset,
225 2668 369 2732 demersa
391 2688 472 2731 nave
494 2667 668 2750 periit.—

149 2761 247 2828 LXV.
281 2761 394 2828 Cum
384 2785 419 2827 m
439 2760 565 2846 Syriam
584 2761 700 2829 Caesar
723 2787 762 2829 ex
779 2764 930 2850 Aegypto
953 2734 1127 2830 venisseti

84 2867 180 2947 atque
204 2861 288 2926 eb“
267 2883 317 2945 us,
340 2881 397 2944 qur
388 2858 520 2925 Rome
541 2866 696 2926 venerant
718 2862 759 2926 ad
781 2883 864 2946 eum,
887 2867 1094 2947 cognosceret

81 2958 265 3042 litterisque
292 2955 424 3020 urbanis
452 2955 719 3023 animadverteret
740 2958 845 3022 multa
866 2957 987 3024 Romae
1010 2959 1092 3025 male

84 3059 117 3120 et
144 3054 303 3119 inutiliter
330 3052 548 3118 administrari
575 3076 678 3138 neque
706 3052 806 3118 ullam
834 3057 959 3138 partem
989 3055 1092 3138 reipu-

82 3152 186 3216 blicae
209 3151 288 3216 satis
307 3149 473 3216 commode
496 3150 579 3235 geri,
603 3150 690 3234 quod
708 3155 740 3215 et
759 3152 1018 3217 contentionibus
1036 3152 1092 3216 tri-

83 3247 222 3314 buniciis
244 3247 441 3332 perniciosae
470 3247 643 3313 seditiones
667 3247 828 3312 orirentur
858 3252 891 3311 et
918 3247 1093 3312 ambitione

84 3350 181 3429 atque
208 3344 411 3430 indiligentia
439 3344 644 3410 tribunorum
671 3344 813 3409 militum
836 3348 869 3408 et
891 3365 1008 3424 cortun,
1037 3345 1093 3428 qui

82 3441 266 3528 legionibus
288 3444 465 3526 praeerant,
488 3442 591 3505 multe
614 3445 725 3506 contre
746 3455 869 3505 morem
893 3440 1093 3506 consuetudi·

83 3560 221 3623 nemque
238 3538 411 3603 militarem
429 3539 553 3623 fierent,
571 3560 652 3622 quae
667 3537 886 3602 dissolvendae
906 3537 1092 3622 disciplinae
