2414 3968
139 189 158 252 8
407 189 557 244 BELLUM
574 188 879 245 ALEXANDRINUM.

138 333 224 417 sitis,
247 333 346 418 quod,
369 356 441 398 cum
463 334 593 420 longius
616 335 712 418 paulo
737 334 927 418 discederet,
949 335 1153 401 munitiones

103 431 257 495 enudare
284 431 421 497 nolebat.
467 430 611 516 Cumque
641 431 682 495 ad
711 453 784 496 eum
813 431 921 497 locum
951 431 1172 518 accessisset,¹

138 528 194 612 qui
212 528 391 613 appellatur
405 527 655 613 Chersonensus,
673 530 875 614 aquandique
894 551 989 596 causa
1006 530 1151 616 remiges

136 625 171 688 in
198 629 316 690 terram
345 625 559 710 exposuisset,
590 626 737 690 nonnulli
764 648 805 691 ex
832 649 870 692 eo
892 648 1040 711 numero,
1073 647 1151 692 cum

135 721 264 808 longius
288 723 465 788 anavibus
488 722 675 806 praedatum
697 725 944 808 processissem,
967 724 1006 788 ab
1030 724 1151 808 equiti·

102 820 198 885 abus
220 821 365 885 hostium
391 823 467 884 sunt
490 821 623 904 excepti.
667 819 721 885 Ex
746 820 799 885 his
827 824 1048 907 cognoverunt
1070 818 1151 886 an

136 939 240 982 sarem
272 918 379 1001 ipsum
408 917 443 981 in
475 916 575 982 classe
602 917 728 982 venisse
759 940 818 982 nec
847 917 931 983 ullos
960 917 1082 982 milites
1114 917 1151 983 in

135 1014 273 1078 navibus
296 1013 421 1078 habere.
467 1012 589 1091 Quare
608 1017 771 1097 comperta
793 1035 943 1100 magnam
966 1015 1030 1080 sibi
1046 1015 1150 1080 facul·

135 1115 237 1175 tatem
245 1109 423 1175 Fortunam
438 1110 593 1175 obtulisse
607 1110 687 1175 bene
702 1112 859 1196 gerendae
873 1112 920 1177 rei
934 1111 1150 1178 crediderunt.

101 1205 251 1291 ultaque
273 1229 371 1272 nares
395 1229 519 1291 omnes,
542 1227 622 1291 quas
644 1213 772 1291 paratas
795 1209 974 1273 habuerant
996 1209 1037 1272 ad
1058 1210 1150 1276 nari·

137 1305 291 1390 gaudum,
317 1305 611 1390 propugnatoribus
639 1305 862 1371 instruxerunt
886 1305 1077 1390 Caesarique
1099 1329 1150 1374 re·

102 1402 248 1467 adeunti
271 1424 344 1467 oum
367 1402 467 1468 classe
491 1406 707 1467 occurrerunt.
745 1401 809 1479 Qui
832 1403 955 1467 duabus
978 1402 1017 1467 de
1040 1405 1149 1469 causis

136 1520 173 1562 eo
198 1498 248 1562 die
272 1498 423 1563 dimicare
446 1496 585 1583 nolebat,
607 1500 695 1583 quod
714 1504 747 1564 et
765 1499 872 1564 nullos
895 1499 1016 1564 milites
1038 1500 1074 1564 in
1092 1523 1149 1567 na·

135 1596 230 1659 vibus
259 1595 413 1679 habebat,
447 1599 480 1659 et
508 1600 583 1679 post
614 1596 727 1660 horam
753 1614 778 1660 x
806 1596 870 1661 diei
901 1619 953 1662 res
981 1597 1150 1684 agebatur,

135 1714 201 1756 nox
224 1695 331 1755 autem
358 1691 504 1755 adlatura
525 1691 694 1757 videbatur
719 1695 874 1759 maiorem
896 1694 1047 1759 fiduciam
1070 1695 1149 1782 illis,

106 1828 108 1832 >
137 1788 193 1872 qui
219 1787 364 1852 locorum
391 1787 508 1852 notitia
535 1789 749 1874 confidebant,
781 1791 844 1855 sibi
871 1791 968 1856 etiam
994 1791 1150 1860 hortandi

137 1905 212 1948 suos
231 1884 387 1949 auxilium
406 1883 599 1970 defuturum,
621 1887 707 1971 quod
724 1886 813 1951 nulla
832 1888 910 1952 satis
928 1888 1043 1953 idonea
1061 1895 1150 1956 esset

135 1980 291 2064 hortatio,
328 2003 409 2065 quae
440 2003 544 2065 neque
573 1983 726 2048 virtutem
757 1990 867 2068 posset
898 1989 1011 2051 notare
1040 2008 1149 2071 neque

101 2097 117 2145 o
137 2077 294 2142 inertiam.
333 2076 457 2154 Quibus
477 2078 514 2143 de
534 2080 644 2144 causis
656 2102 764 2165 naves,
788 2103 867 2165 quas
889 2083 1006 2167 potuit,
1029 2081 1150 2151 Caesar

28 2231 33 2238 .
135 2176 176 2239 ad
198 2177 317 2239 terram
341 2174 494 2260 detrahit,
525 2197 620 2260 quem
648 2178 815 2243 inlocum
843 2177 918 2244 illos
941 2199 1149 2247 successuros

134 2295 200 2338 non
223 2273 436 2338 existimabat.

101 2391 113 2437 1
199 2368 256 2435 XI.
296 2370 379 2435 Erat
410 2393 474 2436 una
504 2372 595 2436 navis
627 2371 755 2437 Rhodia
787 2371 822 2435 in
853 2371 966 2436 dextro
999 2370 1148 2440 (lassaris

134 2490 233 2534 cornu
247 2468 343 2554 longe
358 2469 398 2533 ab
412 2469 545 2553 reliquis
555 2468 718 2534 collocate.
741 2468 834 2533 Hane
844 2468 1020 2552 conspicati
1032 2468 1148 2536 hostes

133 2588 198 2630 non
229 2570 403 2630 tenuerunt
435 2588 519 2651 sese,
555 2586 736 2651 magnoque
770 2567 893 2651 impetu
927 2584 964 2631 Ν
996 2566 1036 2631 ad
1073 2589 1148 2634 eam

134 2664 313 2728 constratae
342 2684 440 2726 naves
472 2665 505 2726 et
534 2662 714 2746 complures
744 2666 872 2746 apertae
901 2664 1147 2733 contenderunt.

99 2757 194 2824 aOui
217 2763 346 2825 coactus
370 2764 420 2825 est
443 2757 559 2823 Caesar
580 2759 664 2825 ferre
687 2758 876 2844 subsidium,
898 2782 939 2825 ne
957 2765 1086 2845 turpem
1109 2761 1146 2828 in

46 2937 49 2944 Ι
134 2860 307 2942 conspectu
328 2857 473 2922 hostium
497 2856 722 2922 contumeliam
746 2857 913 2942 acciperet,
939 2879 1147 2945 quamquam,

134 2952 163 3016 si
186 2951 264 3036 quid
286 2954 416 3037 marius
444 2953 510 3019 illis
538 2952 719 3039 accidisset,
745 2954 861 3019 merito
885 2975 1034 3019 casurum
1061 2955 1145 3022 iudi-

98 3049 235 3115 ecabat.
279 3048 442 3115 Proelium
475 3051 680 3115 commissum
710 3055 760 3115 est
789 3070 907 3136 magna
936 3051 1145 3120 contentione

132 3144 347 3232 Rhodiorum3
379 3148 435 3232 qui
467 3170 540 3213 cum
571 3148 606 3212 in
638 3148 787 3214 omnibus
819 3148 1080 3214 dimicationibus
1109 3156 1146 3218 et

133 3243 268 3307 scientia
286 3248 318 3307 et
335 3244 455 3309 virtute
473 3245 718 3330 praestitissent,
741 3248 812 3311 tum
829 3246 968 3311 maxime
986 3244 1043 3310 illo
1061 3249 1143 3311 tem-

132 3362 209 3424 pore
237 3344 342 3405 totum
371 3363 451 3411 onus
480 3342 638 3407 sustinere
666 3364 731 3407 non
758 3344 962 3427 recusabant,
990 3343 1144 3428 nequod

96 3455 264 3503 asnorum
298 3438 392 3522 culpa
423 3438 650 3503 detrimentum
679 3445 846 3525 acceptum
874 3440 1043 3505 videretur.
1089 3437 1144 3506 Ita

131 3535 290 3619 proelium
317 3535 583 3602 secundissimum
613 3540 662 3602 est
691 3536 820 3603 factum.
871 3535 973 3622 Capta
1000 3540 1050 3602 est
1076 3558 1145 3604 una

68 3624 131 3712 ἱ
