2414 3968
420 192 496 248 CAP.
514 192 724 247 XIIH-XVIH.
1032 193 1075 259 57

66 336 192 400 mittere
217 337 391 421 contendit,
413 337 488 420 equi
511 336 652 421 graviter
672 337 805 402 adverso
823 338 946 422 pectori
964 337 1077 402 adfixit

64 436 97 496 et
123 433 182 496 ait:
215 431 365 498 ‘Labiene
371 482 381 517 ,
412 432 623 497 decumanum
652 434 804 519 militem,
835 435 891 518 qui
922 439 954 499 te
986 435 1076 518 petit,

64 529 145 593 scito
173 529 262 594 esse'
309 527 461 594 Omnium
489 533 597 595 tamen
625 531 724 595 animi
752 532 786 595 in
817 535 972 596 terrorem
1003 547 1111 597 con-4

62 625 147 710 iecti,
165 630 198 690 et
216 627 355 691 maxime
374 627 529 691 tironum:
549 627 792 712 circumspicere
808 631 893 694 enim
908 627 1075 693 Caesarem

62 744 166 806 neque
189 723 326 807 amplius
349 723 454 788 facere
476 724 541 787 nisi
561 723 707 789 hostium
732 726 835 791 iacula
856 727 966 792 vitare.

129 817 232 884 XVII.
284 818 398 884 Caesar
430 820 560 884 interim
592 821 728 886 consilio
765 822 908 886 hostium
945 822 1108 906 cognitol

62 916 152 981 Iubet
179 917 278 982 aciem
306 917 340 980 in
368 917 604 1002 longitudinem
633 941 729 1002 quam
756 921 929 984 maximam
952 919 1075 1004 porrigi

62 1017 95 1078 et
123 1013 254 1078 alternis
284 1013 445 1079 conversis
474 1014 674 1098 cohortibus,
706 1019 743 1079 ut
770 1037 834 1079 una
859 1019 947 1099 post,
975 1015 1075 1078 altera

61 1114 135 1175 ante
154 1111 247 1194 signa
264 1111 473 1195 contenderet,
493 1111 540 1175 lta
563 1131 713 1174 coronam
734 1111 877 1176 hostium
899 1111 1010 1176 dextro
1034 1111 1074 1174 si-

61 1207 226 1292 nistroque
254 1230 353 1273 cornu
381 1209 519 1272 mediam
548 1206 664 1272 dividit
690 1210 723 1271 et
749 1229 847 1271 unam
877 1212 1001 1291 partem
1033 1206 1073 1271 ab

61 1304 161 1368 altera
200 1305 363 1370 exclusam
406 1305 568 1387 equitibus
605 1304 797 1369 intrinsecus
834 1305 964 1369 adortus
1000 1327 1073 1369 cum

60 1401 205 1484 peditatu
228 1402 303 1467 telis
327 1401 479 1466 coniectis
501 1402 536 1467 in
558 1402 669 1486 fugam
692 1401 792 1465 vertit
814 1423 916 1486 neque
943 1401 1073 1486 longius

59 1518 249 1581 progressus
277 1497 400 1563 veritus
428 1497 561 1563 insidias
589 1522 623 1563 se
652 1498 692 1561 ad
723 1518 798 1560 suos
830 1497 957 1583 recipit;
988 1498 1073 1562 idem

60 1594 161 1659 altera
186 1617 261 1678 pars
289 1595 435 1678 equitnm
464 1596 673 1680 peditumque
702 1591 844 1658 Caesaris
876 1595 961 1658 fecIt.
1010 1593 1108 1660 Hisa

59 1690 155 1755 rebus
185 1691 285 1775 gestis
313 1713 350 1755 ao
377 1691 491 1775 procul
521 1692 671 1756 hostibus
702 1690 838 1774 repulsis
868 1691 1071 1755 convulneror

59 1788 165 1870 tisque
188 1787 229 1851 ad
252 1810 310 1852 sua
327 1788 488 1871 praesidia
509 1810 592 1873 sese,
619 1788 703 1852 sicut
727 1791 796 1852 erat
818 1787 1004 1871 instructus,
1025 1809 1071 1851 re

60 1884 165 1966 cipere
189 1884 302 1967 coepit.

125 1977 246 2043 XVIII.
283 1977 418 2044 Interim
436 1979 479 2044 M.
497 1980 644 2045 Petreius
667 1984 700 2045 et
724 1979 779 2046 Cn.
797 1979 874 2044 Piso
893 2002 966 2046 cum
985 1981 1071 2064 equi·
1090 2001 1104 2048 1

59 2075 147 2140 tibus
166 2074 317 2139 Numidis
336 2091 411 2139 unc
430 2076 538 2140 electis
556 2078 765 2161 peditatuque
783 2076 924 2140 eiusdem
945 2079 1071 2162 generis

59 2172 138 2236 satis
167 2170 280 2255 grandi
307 2193 348 2234 ex
374 2171 488 2235 itinere
514 2175 602 2236 recta
628 2173 772 2236 subsidio
800 2172 867 2236 suis
891 2178 1070 2237 occurrunt.

58 2267 168 2352 Atque
191 2266 301 2330 hostes
324 2265 392 2330 suis
415 2289 454 2330 ex
477 2271 597 2333 terrore
618 2269 756 2332 firmatis
779 2289 954 2352 rursusque
981 2290 1106 2337 reno-a

58 2366 142 2431 vatis
166 2363 281 2428 animis
304 2362 498 2447 legionarios
521 2365 683 2430 conversis
701 2363 863 2448 equitibus
881 2365 1070 2448 recipientes

58 2462 251 2529 novissimos
275 2460 394 2525 adoriri
416 2463 449 2523 et
475 2461 629 2545 impedire
656 2465 842 2545 coeperunt,
872 2482 936 2544 quo
963 2463 1070 2526 minus

58 2563 92 2625 in
120 2564 224 2624 castra
251 2580 285 2622 se
312 2557 498 2640 reciperent.
547 2557 618 2623 Hac
645 2582 679 2624 re
708 2559 928 2624 animadversa
955 2558 1105 2626 Caesare

58 2659 148 2723 iubet
170 2657 265 2741 signa
282 2655 425 2721 converti
444 2659 477 2719 et
494 2656 599 2720 medio
618 2678 731 2739 campo
749 2655 961 2740 redintegrari
980 2678 1069 2739 proe-

57 2755 146 2819 lium.
192 2752 273 2819 Cum
300 2753 340 2817 ab
366 2751 515 2816 hostibus
538 2753 649 2817 eodem
672 2754 768 2817 modo
791 2756 989 2836 pugnaretur
1011 2771 1104 2820 nec4

58 2852 236 2917 comminus
260 2850 300 2914 ad
322 2871 436 2914 manus
459 2850 616 2914 rediretur
640 2848 848 2934 Caesarisque
871 2849 995 2933 equites
1022 2850 1068 2915 iu·

57 2953 167 3013 menta
197 2970 238 3012 ex
268 2968 387 3011 nausea
419 2946 553 3030 recenti,
590 2947 659 3031 siti,
694 2947 863 3032 languore,
898 2947 1068 3033 paucitate,

56 3044 242 3108 vulneribus
271 3042 445 3127 defatigata
472 3044 512 3107 ad
541 3044 773 3128 insequendum
805 3045 933 3110 hostem
963 3064 1067 3128 perse·

56 3140 293 3222 vorandumque
321 3161 450 3204 cursum
477 3141 618 3207 tardiora
647 3141 804 3207 haberent
835 3141 961 3226 dieique
992 3164 1067 3226 pars

57 3235 174 3318 exigua
191 3236 256 3299 iam
273 3236 398 3320 reliqua
415 3242 508 3321 esset,
529 3238 715 3302 cohortibus
734 3237 989 3322 equitibus[que]
1009 3238 1066 3302 cir-

57 3332 214 3397 cumdatis
242 3334 441 3417 cohortatur,
467 3338 505 3398 ut
531 3357 595 3399 uno
624 3335 690 3399 ictu
714 3337 941 3401 contenderent
963 3358 1066 3419 neque
1160 3380 1163 3385 <

54 3430 264 3514 remitterent,
286 3431 386 3495 donec
408 3430 493 3495 ultra
516 3431 648 3496 ultimos
667 3431 764 3498 colles
782 3431 893 3498 hostes
911 3432 1065 3516 reppulis-

54 3532 127 3593 sent
154 3531 250 3610 atque
282 3549 392 3592 eorum
425 3533 531 3593 essent
562 3529 667 3613 potiti.
716 3527 829 3613 Itaque
862 3529 956 3614 signo
990 3529 1100 3594 datoc
