2414 3968
139 156 203 221 108
435 157 583 212 BELLUM
601 156 853 214 fflspnmmmsm.

135 302 260 387 potitus
280 307 373 388 esset,
392 302 552 387 simulque
571 302 658 387 quod
676 303 863 389 tabellariis,
884 306 944 391 qui
961 329 983 372 a
998 304 1061 374 On.
1076 307 1160 374 Pom-

135 402 208 485 peio
246 401 394 485 dispositi
430 400 580 466 omnibus
616 400 697 466 locis
733 406 855 488 essent,
892 405 954 489 qui
991 407 1159 472 certiorem

137 498 191 563 Cn.
206 498 396 584 Pompeium
415 498 454 563 de
473 496 618 563 Caesaris
636 498 775 564 adventu
795 499 943 566 facerent
961 553 969 566 .
987 555 994 567 .
1011 554 1019 567 .
1037 555 1045 568 .
1063 505 1159 570 multa

100 600 300 679 epraeterea
326 596 516 662 verisimilia
542 597 773 687 proponebant..
820 596 950 674 Quibus
982 602 1089 667 rebus
1115 602 1157 667 ad·

136 695 260 780 ductus,
283 717 364 780 quos
386 695 511 779 legatos
535 698 609 759 ante
632 695 787 760 exercitui
810 695 1028 784 praefecerat,
1053 698 1092 777 Q.
1110 698 1156 764 Pe

136 793 224 857 diurn
252 797 284 857 et
313 791 348 869 Q.
372 791 509 857 Fabium
536 791 725 856 Maxumum
752 793 790 857 de
819 814 877 858 suo
907 794 1062 862 adventu
1091 798 1157 863 facit

136 891 297 975 certiores,
318 895 417 975 utque
436 891 499 956 sibi
518 891 691 975 equitatus,
711 891 766 975 qui
785 913 825 954 ex
842 892 1020 975 provincia
1039 895 1155 981 fixisset

100 988 294 1072 apraesidio
322 993 414 1053 esset.
459 987 512 1053 Ad
539 1010 620 1073 quos
646 988 796 1073 celerius,
818 1009 916 1087 quarn
940 990 1011 1075 ipsi
1039 993 1153 1079 opinati

135 1089 224 1170 sunt,
247 1084 517 1170 adpropinquavit
539 1108 656 1171 neque,
680 1090 717 1150 ut
740 1086 809 1169 ipse
832 1085 947 1171 voluit,
974 1081 1153 1175 equitatum

136 1183 200 1247 sibi
222 1183 382 1266 praesidio
404 1183 528 1250 habuit.

103 1295 116 1343 1
202 1279 260 1346 III.
314 1281 396 1346 Erat
428 1282 512 1347 idern
545 1282 702 1365 temporis
734 1280 806 1347 Sex.
834 1281 1017 1367 Pompeius
1053 1286 1152 1371 frater,

136 1378 192 1462 qui
215 1400 288 1443 eum
315 1379 476 1464 praesidio
501 1379 683 1445 Cordubam
706 1379 849 1465 tenebat,
878 1382 967 1465 quod
990 1383 1070 1451 eius
1091 1406 1151 1471 pro

135 1475 258 1541 vinciae
282 1482 379 1561 eaput
401 1499 470 1542 esse
489 1477 747 1563 existimabatur3
770 1478 840 1562 ipse
859 1481 969 1543 autem
990 1478 1053 1546 Cn.
1069 1481 1152 1548 Pom·

135 1574 226 1657 peius
256 1575 442 1639 adulescens
468 1574 578 1640 Uliam
606 1576 760 1661 oppidum
788 1576 1002 1661 oppugnabat
1032 1584 1071 1645 et
1095 1581 1152 1645 fare

101 1671 200 1734 aiam
223 1671 348 1755 aliquot
370 1673 535 1737 mensibus
558 1674 604 1738 ibi
627 1673 837 1738 detinebatur.
877 1672 949 1750 Quo
974 1696 1018 1741 ex
1040 1678 1152 1764 oppido

136 1769 267 1854 cognito
282 1767 426 1833 Caesaris
445 1770 583 1835 adventu
599 1772 700 1857 legati
714 1770 797 1836 clam
811 1771 974 1855 praesidia
987 1772 1051 1840 Gn.
1066 1776 1152 1842 Pom·

136 1865 189 1949 pei
212 1863 379 1931 Gaesarem
403 1888 475 1931 cum
499 1868 654 1954 adissent,
676 1873 785 1953 petere
809 1875 995 1956 coeperunt,
1020 1875 1076 1939 uti
1097 1873 1152 1940 sibi

100 1979 116 2026 ³
136 1962 240 2046 primo
264 1985 390 2048 quoque
413 1968 558 2049 tempore
581 1966 761 2031 subsidium
781 1967 935 2032 mitteret.
973 1967 1101 2038 011111
1117 2009 1152 2019 -

136 2081 206 2124 eam
226 2061 388 2125 civitatem
407 2063 495 2127 omni
516 2067 660 2148 tempore
674 2065 796 2148 optime
811 2064 849 2128 de
866 2064 990 2149 populo
1005 2066 1153 2135 Romano

136 2159 284 2245 meritam
317 2182 386 2225 esse
490 2200 532 2208 -
565 2163 712 2228 celeriter
743 2185 800 2227 sex
832 2161 982 2228 cohortes
1015 2169 1155 2235 secunda

100 2257 248 2343 uigilia
275 2257 365 2322 iubet
391 2259 565 2343 proficisci,
592 2261 663 2344 pari
690 2260 815 2344 equites
836 2282 980 2326 numero.
1031 2264 1155 2343 Quibus

135 2355 290 2440 praefecit
302 2354 465 2422 hominem
481 2357 550 2421 eius
568 2357 752 2440 provinciae
770 2360 883 2421 notum
902 2361 935 2422 et
952 2381 1022 2425 non
1042 2384 1155 2448 parum

101 2467 117 2516 5
136 2454 300 2539 scientem,
316 2453 352 2518 L.
367 2453 501 2519 Vibium
519 2454 716 2519 Paciaecum.
749 2453 812 2532 Qui
830 2477 903 2520 cum
922 2456 963 2520 ad
982 2457 1044 2526 Gn.
1065 2463 1155 2529 Pom·

135 2552 189 2635 pei
211 2551 370 2636 praesidia
392 2552 546 2636 venisset,
573 2552 688 2616 incidit
710 2552 795 2617 idem
818 2554 988 2640 temporis,
1014 2563 1058 2624 ut
1081 2565 1156 2627 tem·

135 2653 259 2733 pestate
283 2650 415 2714 adversa
436 2648 683 2734 vehementique
706 2655 802 2715 vento
827 2650 1067 2743 adflictaretur3
1095 2659 1156 2724 adi·

136 2750 252 2831 tusque
271 2747 320 2812 vis
339 2747 540 2832 tempestatis
559 2748 606 2811 ita
624 2747 825 2833 obscurabat,
843 2752 881 2813 ut
894 2749 949 2813 vix
964 2756 1155 2834 proximum

102 2859 118 2907 6
137 2844 330 2929 adgnoscere
343 2849 484 2930 possent.
509 2843 607 2909 Cuius
628 2845 867 2910 incommodum
886 2868 1052 2916 summam
1072 2855 1157 2920 utili-

136 2945 236 3005 tatem
255 2943 333 3026 ipsis
351 2944 533 3027 praebebat.
557 2941 608 3007 Ita
623 2965 696 3008 curn
716 2944 756 3008 ad
774 2966 848 3008 eum
861 2944 968 3009 locum
984 2956 1157 3038 venenant,

137 3037 227 3103 iubet
253 3039 347 3104 binos
374 3042 497 3126 equites
525 3040 750 3126 conscendere,
782 3046 816 3107 et
842 3047 929 3108 recta
954 3065 1016 3127 per
1046 3050 1156 3117 adver·

103 3150 118 3198 7
138 3135 294 3200 sariorum
317 3139 476 3220 praesidia
496 3139 536 3203 ad
554 3138 708 3223 oppidum
727 3140 931 3206 contendunt.
968 3140 1159 3234 Mediisque

137 3255 247 3298 eorum
278 3235 446 3318 praesidiis
479 3258 552 3301 curn
584 3242 704 3322 essent,
736 3259 809 3302 curn
841 3245 1068 3330 quaereretur,
1101 3247 1156 3333 qui

138 3335 257 3415 essent,
288 3352 371 3396 unus
404 3352 443 3397 ex
470 3335 590 3398 nostris
618 3335 797 3420 respondit,
828 3339 865 3400 ut
892 3336 987 3402 sileat
1014 3345 1155 3411 verbum

135 3426 252 3493 facere:
284 3450 358 3492 nam
390 3430 423 3493 id
450 3432 604 3515 temporis
633 3433 741 3498 conari
768 3434 808 3498 ad
835 3456 963 3499 murum
992 3443 1157 3529 accedere,

136 3529 174 3589 ut
204 3525 357 3610 oppidum
389 3528 529 3613 capiant3
565 3534 599 3594 et
632 3532 750 3614 partim
788 3536 980 3616 tempestate
1013 3537 1159 3625 inpediti
