2414 3968
363 199 440 255 CAP.
458 200 802 258 LXXXVI-LXXXVIII.
1046 204 1088 267 99

80 343 284 409 circumdatis
311 343 456 408 habitare
484 349 644 431 coegerat3
671 351 817 412 senatum
845 352 952 412 autem
980 348 1090 431 oppidi

80 441 225 505 custodia
242 441 379 505 tenebat.
419 439 543 506 Eorum
564 447 669 507 castra
690 444 739 508 illi
762 445 886 528 equites
910 445 1015 508 adorti
1036 467 1087 508 ex·
1106 461 1123 508 4

78 558 222 622 pugnare
254 541 438 622 coeperunt,
470 539 542 603 ideo
575 540 660 623 quod
687 562 742 605 eos
771 540 914 606 Caesaris
941 541 1087 626 partibus

79 634 196 699 favisse
224 635 380 718 sciebant,
407 638 445 698 ut
472 636 517 700 eis
540 637 717 701 interfectis
741 659 852 701 eorum
873 637 1013 722 pernicie
1036 637 1087 700 do·

78 731 180 796 lorem
203 754 296 796 suum
319 731 554 798 ulciscerentur.
595 732 765 799 Uticenses
788 735 894 799 animo
917 734 1024 798 addito
1048 756 1088 798 ex
1107 749 1122 797 5

80 827 224 893 Caesaris
246 829 382 893 victoria
400 827 562 912 lapidibus
579 831 784 916 fustibusque
802 832 926 917 equites
944 831 1087 915 reppule-

78 930 162 990 runt.
206 923 320 1011 Itaque
341 930 551 1011 posteaquam
575 932 679 992 castra
701 951 766 993 non
787 933 958 1013 potuerant
980 929 1087 1013 potiri,
1106 944 1122 991 6

77 1022 207 1087 Uticam
234 1044 268 1087 se
295 1023 329 1087 in
356 1023 510 1107 oppidum
538 1026 741 1089 coniecerunt
768 1029 864 1109 atque
891 1025 937 1090 ibi
967 1025 1086 1090 multos

77 1119 246 1185 Uticenses
259 1120 487 1185 interfecerunt
501 1122 676 1207 domosque
695 1144 806 1186 eorum
824 1127 1087 1207 expugnaverunt

78 1240 114 1281 ac
146 1217 355 1301 diripuerunt.
405 1216 534 1293 Quibus.
562 1240 634 1282 cum
667 1218 745 1284 Cato
777 1220 967 1304 persuadere
998 1217 1122 1282 nulla?

77 1316 200 1379 ratione
224 1316 338 1399 quiret,
361 1319 399 1379 ut
421 1337 530 1380 secum
548 1317 701 1400 oppidum
721 1316 926 1381 defenderent
943 1320 975 1380 et
993 1316 1086 1380 caede

76 1413 259 1497 rapinisque
283 1413 482 1496 desisterent,
505 1415 546 1496 et,
570 1414 648 1497 quid
670 1414 733 1478 sibi
755 1414 883 1498 vellent,
908 1414 1017 1496 sciret,
1040 1435 1086 1476 se·

77 1510 197 1574 dandae
220 1531 330 1574 eorum
353 1509 607 1594 importunitatis
633 1511 737 1595 gratia
764 1510 901 1595 singulis
925 1525 945 1574 o
969 1510 1085 1574 divisit.

76 1605 164 1672 Idem
188 1606 278 1690 Sylla
299 1606 438 1672 Faustus
466 1608 544 1673 feeit
571 1631 607 1673 ac
635 1609 674 1672 de
701 1629 760 1672 sua
786 1608 921 1692 pecunia
948 1607 1120 1692 largituss

76 1709 125 1769 est
151 1725 277 1787 unaque
306 1726 379 1768 cum
410 1704 461 1769 his
494 1705 533 1768 ab
561 1704 658 1770 Utica
686 1705 901 1789 proficiscitur
928 1708 1024 1788 atque
1052 1704 1086 1768 in

75 1822 210 1885 regnum
233 1802 279 1865 ire
303 1801 475 1865 contendit.

141 1895 350 1962 LXXXVIII.
384 1896 570 1981 Complures
585 1898 715 1962 interim
729 1921 769 1963 ex
782 1899 861 1983 fuga
873 1898 1003 1963 Uticam
1016 1920 1085 1980 per·
1104 1913 1119 1961 1

74 1996 216 2059 veniunt.
262 1993 349 2069 Quos
373 2015 483 2058 omnes
507 1992 584 2058 Cato
608 2000 799 2060 convocatos
826 2019 890 2060 una
917 2018 990 2060 cum
1013 2011 1086 2083 ccc,

76 2092 132 2175 qui
159 2090 328 2175 pecuniam
351 2088 494 2174 Scipioni
521 2090 561 2154 ad
586 2090 708 2154 bellum
735 2091 916 2155 faciendum
945 2089 1085 2155 contule·

75 2192 162 2272 rant,
184 2187 346 2269 hortatur,
371 2190 410 2251 ut
431 2187 562 2250 servitia
584 2188 847 2251 manumitterent
870 2187 1085 2270 oppidumque
1134 2264 1136 2268 ι

76 2285 288 2350 defenderent.
335 2282 478 2358 Quorum
506 2305 579 2347 cum
604 2287 729 2367 partem
757 2285 929 2366 adsentire,
950 2286 1120 2367 ¹partema

76 2384 217 2446 animum
240 2384 444 2463 mentemque
465 2380 668 2463 perterritam
692 2384 787 2466 atque
808 2380 842 2444 in
860 2380 972 2464 fugam
991 2380 1086 2444 desti·

75 2483 184 2544 natam
215 2477 332 2541 habere
364 2476 589 2560 intellexisset,
622 2478 760 2561 amplius
792 2477 831 2540 de
864 2498 901 2540 ea
929 2498 964 2539 re
991 2496 1085 2559 agere

75 2576 184 2640 destiti
230 2595 390 2658 navesque
422 2574 473 2637 his
507 2573 668 2658 attribuit,
699 2577 750 2658 ut,
780 2573 815 2636 in
843 2593 922 2657 quas
950 2572 1085 2656 quisque

74 2677 181 2756 partes
198 2671 305 2756 vellet,
327 2672 590 2756 proficisceretur.
631 2668 704 2755 Ipse
728 2670 877 2734 omnibus
899 2669 995 2733 rebus
1016 2667 1084 2732 dili·
1103 2686 1118 2734 3

75 2769 261 2854 gentissime
285 2769 479 2853 constitutis„
501 2768 613 2833 liberis
636 2767 703 2832 suis
724 2766 761 2830 L.
781 2765 918 2849 Caesari,
941 2765 1083 2849 quitum

75 2866 105 2929 ei
121 2887 179 2948 pro
194 2869 362 2948 quaestore
376 2865 489 2949 fuerat,
508 2864 747 2948 commendatis,
765 2867 798 2928 et
812 2864 880 2928 sine
894 2863 1083 2947 suspicione,

74 2960 168 3025 vultu
199 2964 295 3046 atque
332 2983 490 3046 sermone,
528 2982 592 3046 quo
628 2961 790 3044 superiore
826 2965 970 3044 tempore
1005 2980 1082 3025 usus

75 3058 192 3141 fuerat,
229 3079 301 3122 eum
333 3058 507 3123 dormitum
538 3058 631 3142 isset,
664 3059 786 3122 ferrum
816 3058 904 3122 intro
935 3056 1017 3122 clam
1048 3056 1082 3120 in

76 3153 258 3218 cubiculum
281 3153 358 3219 tulit
380 3159 475 3240 atque
499 3156 546 3219 ita
568 3177 602 3220 se
625 3154 759 3219 traiecit.
797 3152 867 3230 Qui*
883 3175 954 3219 oum
977 3153 1117 3220 animan

75 3250 217 3315 nondum
241 3253 401 3336 exspirata
423 3252 623 3336 concidisset,
647 3258 676 3318 et
696 3252 819 3336 impetu
841 3252 926 3316 facto
943 3251 978 3315 in
996 3250 1081 3316 cubi-

76 3347 183 3412 culum
211 3369 250 3412 ex
278 3349 458 3432 suspicione
484 3349 628 3413 medicus
654 3347 890 3432 familiaresque
920 3349 1081 3414 continere

75 3444 192 3509 vulnus
221 3448 317 3528 atque
344 3445 487 3530 obligare
515 3445 706 3529 coepissent,
738 3445 807 3529 ipse
838 3446 904 3511 suis
933 3447 1081 3511 manibus

73 3541 191 3606 vulnus
219 3540 435 3608 crudelissime
463 3543 586 3607 divellit
613 3546 709 3626 atque
737 3543 842 3607 animo
864 3544 1023 3627 praesenti
1047 3566 1080 3608 se

884 3653 898 3700 7
905 3647 919 3677 Ὀ
