2414 3968
132 182 195 247 126
426 181 573 237 BELLUM
591 179 842 236 HISPANIENSE.

95 345 109 393 7
128 327 200 411 Hic,
214 331 252 392 ut
265 327 310 391 ait
323 327 458 410 Ennius,
471 349 536 411 pes
552 327 645 410 pede
664 326 866 410 premitur,
882 328 1012 394 armis
1027 332 1158 393 terun-

130 431 193 491 tur
223 447 336 508 arma,
364 425 626 509 adversariosque
653 424 939 489 vehementissime
970 431 1157 513 pugnantes

128 523 233 589 nostri
256 544 349 608 agere
372 527 558 606 coeperunt;
582 522 699 607 quibus
722 522 879 606 oppidum
902 523 975 589 fuit
1000 526 1156 591 subsidio.

95 620 182 686 sIta
204 621 284 704 ipsis
305 621 509 686 Liberalibus
530 621 596 685 fusi
619 619 787 706 fugatique
809 641 876 684 non
902 622 1156 706 superfuissent,

129 720 194 784 nisi
216 718 250 782 iu
273 741 347 783 eum
369 718 476 783 locum
499 718 729 803 confugissent,
751 739 792 781 ex
814 739 880 801 quo
904 724 1008 785 erant
1028 722 1158 808 egressi

95 815 169 881 sIn
192 838 256 900 quo
279 816 403 899 proelio
426 816 609 881 ceciderunt
631 815 721 880 milia
737 814 910 880 hominum
929 818 1074 884 circiter
1092 837 1154 884 m

130 919 163 980 et
186 914 215 978 si
239 914 316 997 quid
340 912 490 996 amplius,
512 918 678 997 praeterea
699 912 871 996 Labienus,
893 911 1019 981 Attius
1045 915 1153 998 Varus,

131 1011 249 1096 quibus
287 1012 400 1076 occisis
437 1011 583 1095 utrisque
618 1011 716 1076 funus
748 1014 798 1075 est
829 1009 974 1097 factum,
1015 1014 1151 1100 itemque

130 1109 256 1193 equites
282 1108 420 1173 Romani
447 1109 566 1192 partim
594 1132 633 1173 ex
661 1109 739 1173 urbe
766 1107 886 1191 partim
914 1131 961 1175 ex
987 1112 1151 1196 provincio

80 1223 114 1271 10
134 1206 174 1269 ad
210 1205 300 1270 milia
331 1224 378 1270 111.
429 1205 544 1271 Nostri
580 1207 751 1271 desiderati
783 1205 823 1268 sd
854 1204 1039 1274 hominum
1073 1209 1150 1275 mille

80 1321 112 1369 11
132 1304 251 1389 partim
274 1304 421 1389 equitum
443 1305 561 1387 partim
588 1304 747 1388 peditum3
775 1303 876 1367 saucii
899 1304 944 1368 ad
967 1304 1012 1370 D.
1038 1305 1148 1372 Adver-

131 1404 290 1467 sariorum
318 1402 444 1486 aquilae
472 1406 548 1466 sunt
575 1402 700 1466 ablutae
727 1418 791 1464 xm
814 1404 848 1465 et
869 1401 970 1486 signs
994 1408 1033 1469 et
1056 1405 1148 1470 fuscos

138 1551 167 1564 ..
183 1552 189 1563 .
205 1552 211 1564 .
228 1552 234 1563 .
250 1526 273 1584 .;
300 1503 464 1584 praeterea
485 1550 624 1563 .......
668 1497 738 1562 Hos
760 1497 875 1563 habuit
896 1549 1052 1568 .......

97 1617 111 1664 1
198 1596 333 1662 XXXII,
376 1647 516 1663 .......
548 1621 587 1662 ex
611 1597 690 1682 fuga
711 1595 778 1660 hac·
795 1596 851 1680 qui
874 1598 1044 1681 oppidum
1067 1600 1147 1665 Mun·

133 1697 207 1760 dam
243 1695 307 1760 sibi
338 1695 581 1760 constituissent
612 1694 820 1779 praesidium,
854 1696 1034 1782 nostrique
1069 1718 1147 1784 coge

97 1812 113 1859 2
132 1794 252 1857 bantur
270 1793 448 1856 necessario
467 1815 521 1856 eos
540 1792 787 1858 circumvallare.
817 1791 870 1855 Ex
887 1791 1045 1861 hostium
1061 1795 1146 1861 armis

131 1894 223 1955 scuta
248 1894 280 1954 et
302 1889 369 1973 pila
390 1912 449 1973 pro
473 1891 606 1974 cespite,
628 1912 687 1974 pro
710 1889 796 1954 vallo
823 1890 984 1956 cadavera
1010 1895 1147 1959 conloca

130 1989 263 2072 bantur3
295 1988 426 2071 insuper
457 1988 635 2052 occisorum
667 1989 701 2051 in
729 1987 909 2072 gladiorum
939 1992 1148 2057 mucronibus

131 2087 238 2170 capita
264 2085 432 2151 hominum
460 2085 606 2150 ordinata
633 2084 674 2149 ad
700 2085 855 2171 oppidum
878 2106 1058 2155 conversa:
1091 2089 1148 2155 uni·

131 2206 223 2248 versa
254 2183 398 2248 hostium
430 2184 579 2248 timorem
610 2233 751 2247 .......
781 2182 980 2267 virtutisque
1015 2187 1149 2274 insignis

131 2282 297 2366 proposita
328 2282 474 2347 viderent
506 2285 538 2345 et
569 2279 653 2344 vallo
684 2279 1021 2349 circumcluderentur
1050 2286 1149 2351 sdver-

97 2398 112 2444 3
133 2380 216 2443 surii.
262 2376 313 2443 Ita
337 2378 422 2443 Galli
445 2377 582 2464 tragulis
605 2376 781 2462 iaculisque
804 2376 976 2463 oppidum,
1007 2386 1097 2465 quod
1119 2403 1150 2447 ex

132 2476 276 2541 hostium
300 2477 506 2541 cadaveribus
530 2479 608 2539 sunt
630 2475 849 2560 circumplexi,
872 2498 1074 2565 oppugnare
1092 2501 1151 2547 coe

97 2578 257 2658 iperunt.
294 2573 346 2636 Ex
368 2572 430 2638 hoc
448 2572 570 2656 proelio
589 2571 740 2639 Valerius
760 2574 946 2639 adulescens
966 2573 1152 2645 cordubam

134 2695 207 2736 cum
225 2671 337 2755 paucis
351 2671 515 2754 equitibus
527 2671 623 2757 fugit,
642 2669 714 2736 Sex.
728 2670 893 2755 Pompei0,
909 2672 968 2755 qui
984 2671 1152 2742 Cordubae

99 2770 258 2852 sinisset,
282 2790 350 2831 rem
373 2772 497 2852 gestam
520 2770 626 2834 refert.
665 2768 803 2854 Cognito
822 2768 884 2832 hoc
901 2773 1056 2859 negotio,
1081 2794 1153 2859 quos

135 2868 259 2950 equites
292 2886 400 2929 secum
431 2865 559 2950 habuit,
591 2865 677 2950 quod
708 2866 861 2950 pecuniae
889 2887 1006 2934 secum
1035 2871 1154 2953 habuit

136 2965 182 3028 e'is
211 2961 377 3027 distribuit
403 2966 436 3026 et
463 2963 631 3047 oppidanis
660 2964 742 3029 dixit
774 2986 808 3028 se
836 2964 874 3027 de
904 2986 988 3048 pace
1018 2971 1064 3036 ad
1088 2970 1154 3036 Cae

135 3082 239 3124 sarem
262 3059 422 3143 proficisci
444 3064 477 3124 et
502 3062 641 3126 secunda
658 3061 771 3147 vigilia
795 3061 835 3124 ab
854 3061 976 3144 oppido
999 3066 1155 3134 discessit.

100 3178 116 3225 6
136 3158 192 3223 On.
210 3158 383 3242 Pompeius
406 3183 479 3225 cum
502 3160 665 3244 equitibus
688 3158 799 3242 paucis
818 3157 1057 3247 nonnullisque
1078 3164 1156 3251 pedi

137 3258 225 3322 tibus
254 3257 294 3320 ad
321 3258 431 3339 nasale
461 3258 657 3341 praesidium
684 3257 861 3340 parendum
890 3254 1063 3328 Carteiam
1093 3286 1156 3330 con·

138 3355 251 3438 tendit,
275 3355 360 3438 quod
383 3356 536 3438 oppidum
561 3355 651 3418 abest
675 3377 693 3416 a
712 3353 861 3418 Corduba
882 3353 977 3419 milia
1003 3381 1156 3444 passuum

105 3469 241 3517 tcnxx.
301 3451 371 3527 Quo
412 3474 484 3516 eum
526 3453 566 3515 ad
603 3455 751 3516 octavum
790 3450 967 3516 miliarium
1008 3460 1156 3539 venisset,

139 3549 175 3614 P.
209 3547 383 3631 Caucilius,
420 3550 476 3633 qui
513 3550 626 3614 castris
659 3554 752 3613 antea
782 3548 917 3633 Pompei
950 3559 1156 3642 praepositus
