2414 3968
115 175 161 239 40
387 171 535 226 BELLUM
553 167 855 223 ALEXANDRINUM.

81 337 96 384 1
182 316 282 383 LXII.
304 316 420 381 Paucis
444 316 556 381 diebus
580 314 615 391 Q.
639 311 740 377 Cassii
761 312 881 378 litteris
903 315 1049 399 acceptis
1071 338 1124 381 rex

115 414 226 500 Bogus
250 437 322 479 cum
346 414 447 497 copiis
469 413 559 477 venit
581 411 788 495 adiungitque
811 411 841 474 ai
863 410 1001 497 legioni,
1029 435 1123 497 quam

114 533 221 575 secum
244 512 434 594 adduxerat,
461 509 638 593 complures
661 506 809 572 cohortes
836 507 1026 574 auxiliariae
1052 508 1123 575 His·

80 625 279 692 apanorum.
325 607 476 692 Namque
504 610 541 670 ut
568 607 599 671 in
623 603 771 668 civilibus
796 605 1054 672 dissensionibus
1077 628 1123 672 ac-

114 706 217 770 cidere
236 692 412 789 consuerit,
435 704 482 768 ita
504 701 700 784 temporibus
723 701 789 766 illis
812 703 846 766 in
866 700 1030 788 Hispania
1046 725 1122 769 non-

113 802 220 867 nullae
238 803 385 867 ciritates
407 801 504 865 rebus
519 797 617 864 Cassii
640 796 821 883 studebant,
844 798 955 883 plures
968 799 1122 867 Marcello

78 899 273 964 clarebant.
325 896 460 962 Accedit
492 916 561 962 cum
593 896 695 979 copiis
726 894 837 980 Bogus
870 896 910 960 ad
947 898 1122 964 exteriores

113 994 259 1060 Marcelli
286 995 489 1059 munitiones.
522 990 690 1076 Pugnatur
712 993 876 1078 utrimque
899 994 1032 1080 acriter,
1060 1018 1121 1061 cre

113 1092 237 1176 broque
255 1091 290 1154 id
307 1091 423 1155 accidit
435 1090 575 1155 Fortuna
588 1110 683 1172 saepe
701 1088 741 1152 ad
758 1093 933 1173 utrumque
951 1091 1121 1156 victoriam

114 1186 339 1271 transferente3
366 1209 424 1251 nec
449 1191 552 1248 tamen
575 1206 727 1269 umquam
750 1186 790 1249 ab
814 1186 967 1270 operibus
992 1188 1120 1274 depelli·

114 1288 169 1349 tur
190 1283 371 1349 Marcellus.

80 1398 94 1447 1
179 1381 295 1447 LXIII.
328 1382 456 1448 Interam
474 1378 615 1463 Lepidus
634 1400 673 1443 ex
692 1379 839 1445 citeriore
858 1381 1031 1465 provincia
1049 1404 1121 1448 cum

115 1479 301 1546 cohortibus
328 1476 508 1565 legionariis
535 1493 632 1540 xxxv
658 1496 838 1561 magnoque
868 1498 1004 1543 numero
1035 1481 1120 1564 equi·

114 1581 185 1641 tum
208 1582 240 1641 et
263 1577 455 1661 reliquorum
480 1572 672 1636 auxiliorum
695 1573 844 1637 renites
870 1577 978 1639 mente
1001 1573 1120 1661 Uliam,

114 1680 152 1738 ut
187 1675 256 1738 aine
289 1674 354 1739 ullo
383 1669 490 1733 studio
523 1669 743 1734 contentiones
775 1666 878 1734 Cassii
910 1669 1119 1757 Marcellique

80 1775 328 1854 acomponeret.
367 1764 453 1830 Huic
470 1766 612 1830 venienti
634 1766 702 1830 sina
721 1766 922 1833 dubitatione
945 1766 1119 1834 Marcellus

115 1889 149 1930 se
181 1867 282 1931 credit
308 1865 404 1945 atque
437 1863 543 1946 offert3
576 1860 704 1927 Cassius
732 1867 844 1928 contra
871 1864 939 1928 suis
968 1887 1002 1930 sa
1031 1871 1119 1932 tenet

113 1963 289 2045 praesidiis,
319 1957 387 2022 sive
411 1980 461 2042 eo,
489 1959 575 2043 quod
600 1959 674 2042 plus
697 1958 760 2024 sibi
783 1961 863 2025 iuris
887 1959 997 2025 deberi
1021 1985 1116 2047 quam

113 2057 265 2124 Marcello
283 2053 496 2138 existimabat,
520 2055 587 2119 sive
610 2077 657 2140 eo,
681 2058 775 2141 quod,
799 2080 841 2122 ne
862 2064 1118 2143 praeoccupatus

114 2154 240 2219 animus
264 2148 379 2233 Lepidi
412 2155 497 2215 esset
529 2151 683 2237 obsequio
720 2153 906 2238 adversarii,
937 2155 1117 2222 verebatur.

79 2252 211 2317 3Ponit
230 2246 272 2310 ad
298 2246 408 2312 Uliam
438 2252 544 2312 castra
569 2248 711 2333 Lepidus
738 2272 841 2335 nequa
864 2250 962 2316 habet
990 2274 1009 2316 a
1037 2252 1117 2318 Mar·

113 2349 193 2414 cello
220 2344 391 2428 quicquam
423 2344 526 2408 divisi.
575 2344 626 2411 Ne
659 2350 836 2431 pugnetur,
867 2346 1048 2434 interdicit3
1079 2348 1117 2414 ad

114 2440 285 2511 exeundum
310 2437 455 2504 Cassium
478 2439 595 2504 invitat
617 2440 777 2526 fidemque
800 2464 892 2507 suam
914 2443 949 2506 in
970 2466 1006 2509 ra
1030 2446 1118 2511 omui

76 2538 289 2620 rintaponit.
336 2536 417 2601 (lum
440 2538 495 2601 diu
518 2537 698 2603 dubitasset
721 2537 860 2623 Cassius,
887 2539 965 2624 quid
988 2541 1053 2607 sibi
1074 2543 1118 2607 fa·

113 2634 253 2704 ciendum
276 2634 393 2719 quidve
415 2633 538 2717 Lepido
562 2640 646 2699 esset
664 2636 868 2721 credendum,
891 2658 996 2721 neque
1015 2638 1118 2704 ullum

112 2729 228 2793 {xitum
251 2730 378 2795 consilii
401 2730 452 2794 aui
475 2730 638 2816 reperiret,
661 2732 690 2795 si
712 2737 917 2816 permaneret
939 2733 973 2798 in
992 2739 1118 2800 senten·

105 2825 160 2908 tia,
181 2826 334 2912 postulat,
359 2827 408 2892 uti
431 2827 629 2892 munitiones
653 2829 863 2895 disicerentur
886 2830 1014 2915 sibique
1035 2831 1119 2897 liber

76 2942 87 2982 J
107 2920 212 2984 exitus
235 2921 371 2987 daretur.
417 2922 494 2988 Non
513 2927 640 2988 tantum
663 2924 797 2989 indutiis
816 2925 920 3011 factis,
943 2926 1000 2991 sed
1017 2950 1119 3014 prope

105 3015 169 3079 iam
187 3038 265 3098 porc
293 3020 469 3084 constituta
492 3042 590 3104 opera
618 3040 688 3085 eum
709 3021 991 3105 complanarentur
1013 3030 1120 3091 custo-

105 3111 238 3196 diaeque
261 3115 479 3180 munitionum
504 3121 612 3181 essent
635 3118 801 3202 deductae,
829 3119 950 3184 auxilia
973 3122 1062 3207 regis
1085 3125 1120 3189 in

105 3207 138 3270 id
161 3208 328 3273 castellum
352 3209 509 3296 Marcelli,
539 3215 625 3297 quod
651 3215 835 3297 proximum
863 3220 932 3280 erat
958 3219 1046 3303 regis
1071 3242 1121 3285 ca·

108 3305 194 3389 stris,
218 3327 320 3389 neque
344 3308 550 3390 opinantibus
575 3310 724 3374 omnibus
746 3312 842 3376 —si
864 3314 1030 3379 tamenin
1054 3337 1121 3381 om·

104 3398 203 3464 nibus
226 3401 290 3465 fuit
314 3399 455 3469 Cassius:
485 3428 560 3469 nam
589 3407 627 3471 de
653 3405 751 3472 huius
774 3410 971 3474 conscientia
992 3410 1121 3477 dubita

108 3494 272 3560 batur-
294 3496 450 3581 impetum
476 3500 621 3566 fecerunt
648 3503 891 3589 compluresque
920 3505 967 3570 ibi
996 3505 1123 3575 milites
