2414 3968
175 159 234 214 VH.
262 157 377 217 Ludus
395 157 753 216 suuawscoasutuu
769 157 947 217 nudauit.
1007 157 1070 230 169

60 358 137 427 VII.
178 357 334 429 LEGE&
359 355 815 428 SENATUSOONSULTA
841 355 1073 427 Ducam

190 481 280 535 LEX
296 481 484 537 AGRARIA
502 497 528 537 a.
542 498 563 536 a
576 497 597 539 c.
617 479 852 537 DOLXXXXV
870 482 940 548 (59).

128 569 277 627 Gramatic.
306 570 403 626 Latin.
435 570 476 626 ed.
500 569 611 625 Laetam.
635 570 667 638 Ι,
690 587 720 642 p.
744 573 808 627 263.
851 567 912 627 Lex
940 567 1073 625 Mamilia

53 640 158 699 Rosea
176 641 322 698 Peducaeo»
339 641 452 698 Atliena
470 641 572 699 Fabia.

128 712 166 768 K.
185 711 221 768 L.
240 712 299 769 ΙΙΙ.
333 710 411 779 Quae
429 711 541 768 colonia
558 713 613 767 hae
630 711 658 769 le
679 728 694 765 e
713 711 835 768 deducta
854 711 962 781 quodve
980 709 1071 767 muni-

56 781 164 854 cipium
180 783 365 858 'praefectura
386 782 478 842 forum
496 730 716 841 conciliabuiim
734 782 920 839 constitutum
938 781 1001 853 erit,
1022 780 1072 853 qui

56 870 126 926 ager
153 853 230 909 intra
252 853 321 909 fines
345 870 441 911 eorum
464 853 531 923 erit,
560 854 609 924 qui
631 853 745 911 termini
767 853 797 910 in
821 870 853 908 eo
878 870 946 936 agro
968 852 1072 909 statuti

59 927 154 994 erunt,
174 941 229 1006 quo
248 924 278 978 in
293 925 358 1007 ioco
377 925 514 1007 teminus
532 942 589 979 non
608 925 705 995 stabit,
724 924 806 1006 ineo
824 924 886 980 loco
905 942 929 978 ιε
949 924 1028 980 euius
1047 924 1072 1001 ie

54 1012 126 1123 aa
144 995 1074 1149 madidatum&

58 1137 236 1266 ptraeifggtura
267 1137 328 1193 foro
361 1138 549 1194 conciliabulo
581 1139 642 1193 iure
674 1138 797 1193 dicundo
829 1141 969 1208 praeerit,
984 1137 1072 1196 facito

54 1227 99 1265 uu
169 1254 175 1264 .

127 1281 165 1337 K.
189 1281 223 1336 L.
247 1281 301 1337 IV.
345 1279 400 1346 Qui
426 1280 533 1337 limites
560 1280 757 1352 decimamque
784 1281 839 1337 hae
865 1279 930 1353 lege
957 1280 1073 1337 deducti

56 1355 149 1421 erunt,
168 1368 363 1423 quaeaumque
381 1351 475 1407 fossae
493 1351 629 1409 limitatas
647 1352 677 1408 in
696 1368 729 1407 eo
749 1368 817 1424 agro
836 1354 919 1409 eruut
937 1351 986 1420 qui
1005 1367 1073 1423 aget

55 1422 109 1479 hac
132 1423 196 1493 lege
220 1423 266 1479 cui
285 1424 369 1479 datus
388 1423 556 1496 adsignatus
575 1423 641 1494 erit,
664 1439 700 1479 ne
718 1422 782 1493 quis
801 1438 848 1479 aas
871 1422 976 1479 limites
996 1422 1072 1478 deui-

55 1510 187 1549 mauosve
211 1494 373 1567 obsaepto,
396 1510 466 1550 neve
489 1494 558 1566 quid
580 1494 611 1551 iu
634 1495 674 1551 eis
696 1493 828 1551 molitum
849 1510 919 1550 neve
942 1493 1012 1564 quid
1030 1493 1072 1548 ibi

56 1569 225 1637 opsaeptum
247 1566 366 1636 habeta,
389 1582 459 1622 neve
482 1583 529 1623 eea
553 1569 647 1636 arato,
670 1582 739 1622 neve
764 1581 811 1620 aas
830 1564 920 1621 fossas
938 1567 1071 1636 opturata

54 1653 125 1695 meve
149 1636 309 1709 opsaepit0‚
333 1653 388 1709 quo
411 1637 504 1695 minus
527 1655 578 1694 suo
596 1637 698 1697 itinere
717 1653 793 1709 aqua
810 1636 851 1692 ire
869 1636 955 1693 fluere
973 1636 1071 1709 possit.

55 1707 162 1778 siquis
182 1708 315 1763 adversus
334 1725 369 1764 ea
388 1707 587 1780 quidfeaerit‚
612 1709 637 1764 is
660 1708 691 1764 in
712 1724 756 1764 res
779 1707 906 1781 singidas
930 1706 1073 1778 quotiens·

408 1786 445 1794 -ιι

59 1811 178 1864 cumque
200 1795 313 1865 feeerit,
336 1796 390 1851 HS.
409 1798 456 1851 IV.
475 1797 581 1852 colonis
604 1797 827 1867 municipibuuve
846 1796 886 1852 eis
905 1796 1073 1866 inquorum

55 1881 127 1936 agro
150 1866 181 1920 id
202 1866 310 1922 fautum
332 1867 387 1922 erit
409 1869 477 1924 dare
497 1868 616 1925 damnas
635 1872 709 1939 eata,
733 1868 848 1938 eiusque
867 1867 1004 1938 pecuniae
1023 1865 1072 1936 qui

56 1937 133 1992 volet
187 1937 252 1994 titio
270 1938 325 1993 hae
342 1937 406 2010 lege
423 1942 493 1995 esto.

161 2010 220 2065 ‚L
244 2009 275 2064 V.
313 2007 368 2073 Qui
389 2010 444 2065 hae
467 2009 530 2080 lege
549 2007 689 2066 calamam
708 2010 868 2079 deduxerit,
887 2008 1073 2079 municipium

54 2079 264 2149 praefecturam
281 2078 373 2135 forum
391 2079 611 2137 conciliabulum
627 2081 814 2150 mustituerit
832 2081 863 2136 iu
877 2097 942 2136 eoa
977 2096 1001 2149 ο,
1021 2079 1071 2149 qui

57 2166 127 2220 agar
143 2150 221 2206 iutra
238 2150 306 2206 fines
326 2151 385 2207 eiua
403 2149 532 2208 alonim
549 2150 697 2221 municipii
714 2151 770 2207 fori
787 2151 927 2207 eonciliab
961 2150 967 2162 ’
990 2167 1072 2220 prae·

55 2221 181 2275 secturae
200 2221 262 2291 erit,
280 2220 385 2276 limites
405 2221 600 2291 decimamque
618 2224 651 2277 ut
667 2222 739 2278 fiant
756 2222 925 2292 terminique
944 2224 1072 2277 statuan-

55 2295 103 2348 au
126 2295 232 2349 aurata.
269 2309 395 2362 quosque
419 2293 488 2348 fimes
506 2292 549 2348 ita
568 2293 713 2362 statuerit,
731 2293 754 2349 ii
771 2293 840 2349 fines
859 2309 956 2349 eorum
974 2295 1072 2361 sunt03

55 2363 125 2418 dum
151 2379 187 2420 ue
215 2365 295 2420 extra
323 2381 422 2434 agium
448 2363 607 2421 delenitum
638 2364 844 2421 territoriumve
876 2364 946 2419 fines
977 2363 1072 2420 duaat.

55 2434 162 2504 quique
189 2434 303 2491 termini
329 2436 384 2491 hac
411 2436 475 2506 lege
494 2434 596 2492 statuti
619 2439 714 2505 arunt,
737 2451 773 2492 ue
792 2435 856 2504 quis
875 2451 971 2491 eorum
989 2450 1074 2502 quem

54 2505 141 2562 eicite
163 2522 234 2562 neve
251 2506 313 2573 tato
331 2510 442 2563 moveto
461 2506 551 2563 sciens
570 2506 635 2565 dolo
653 2507 738 2564 malo.
775 2506 864 2577 siquis
882 2505 1016 2561 adversus
1035 2521 1071 2561 aa

55 2577 165 2646 fecerit,
188 2577 214 2631 is
237 2577 268 2631 in
289 2577 424 2634 terminos
448 2578 587 2660 singulas,
611 2595 682 2647 quos
705 2577 821 2634 eiecerit
837 2577 935 2634 locove
953 2576 1072 2633 moverit

53 2648 146 2704 sciens
165 2649 230 2705 dolo
248 2649 333 2720 mato,
351 2649 405 2705 HS.
420 2649 560 2720 Vm(1lia)
578 2652 745 2775 ngummum)
762 2649 793 2706 in
805 2648 953 2720 publicum
966 2663 1071 2717 eorum,

54 2737 176 2791 quorum
198 2719 275 2776 intra
292 2720 363 2776 fines
380 2719 406 2774 is
424 2737 493 2791 agar
511 2720 579 2791 erit,
617 2737 666 2778 are
685 2721 802 2777 dammas
822 2723 891 2777 esto.
929 2719 1020 2788 deque
1038 2735 1073 2777 ea

54 2807 85 2845 ra
108 2791 258 2861 curatoris,
281 2791 331 2861 qui
353 2792 408 2847 hae
426 2791 489 2863 lege
507 2791 575 2861 erit,
598 2791 667 2847 iuris
687 2791 775 2847 dictio
793 2790 1070 2861 reciperaturumque

54 2862 133 2918 datio
152 2862 278 2944 addictia
297 2865 366 2919 esto.
403 2880 467 2944 eum
485 2866 602 2944 auratum
616 2863 671 2919 hac
689 2862 752 2945 lege
769 2879 827 2944 uon
846 2861 908 2932 erit,
926 2864 988 2918 tum
1007 2861 1069 2930 qui·

53 2933 1072 3086 ttdzatttttttatttttt,tddapmittsstit

55 3075 214 3156 iumadmtm
237 3076 395 3146 1udiaisque
418 3076 497 3133 datio
521 3075 648 3134 addictio
671 3079 741 3133 esto.
778 3092 864 3157 mque
887 3092 952 3133 eam
970 3092 1029 3131 rem
1047 3093 1072 3131 is

55 3163 106 3214 qu1
128 3146 182 3200 hae
205 3145 268 3217 lege
291 3146 429 3205 iudicium
452 3147 563 3204 dederit
590 3146 712 3204 testibus
734 3147 847 3217 pubhae
872 3147 1021 3203 dumtaxat
1042 3145 1073 3205 in

54 3232 99 3273 ree
123 3216 249 3287 singutas
272 3218 298 3273 X
321 3219 507 3276 denuntiandi
529 3221 702 3290 potestatam
723 3217 812 3275 faeito
835 3218 891 3288 ita,
910 3221 943 3273 ut
961 3217 988 3273 ei
1007 3235 1023 3274 e
1041 3234 1072 3274 re

55 3287 171 3357 publiea
188 3287 299 3357 fideque
317 3307 368 3346 sua
386 3290 535 3347 videbitur.
568 3293 598 3347 et
616 3289 640 3345 si
658 3289 683 3345 is
701 3289 775 3346 unde
793 3306 829 3346 ea
844 3289 967 3360 pecunia
979 3288 1072 3359 petita

56 3357 111 3414 erit
136 3359 337 3416 tondemuatuu
360 3361 427 3431 erit,
450 3378 514 3418 eam
536 3360 686 3432 peuuniam
709 3362 745 3417 ab
772 3377 804 3419 eo
824 3361 892 3416 deve
910 3360 992 3416 bonis
1012 3359 1073 3415 eius

55 3429 147 3500 primo
173 3446 286 3500 quoque
314 3431 359 3487 die
387 3432 508 3503 exigite,
535 3432 653 3502 eiusque
679 3432 818 3503 petuniae
836 3433 913 3501 quod
930 3434 1074 3500 receptum

56 3501 112 3556 erit
138 3504 249 3572 paitem
272 3501 420 3562 dimidiam
446 3504 473 3559 ei
497 3504 576 3561 ouius
599 3503 683 3559 unius
706 3520 793 3574 opera
814 3503 936 3560 maxime
959 3502 983 3557 is
1008 3519 1073 3557 eon·

52 3573 205 3628 damnatus
229 3573 284 3629 erit
310 3575 387 3645 date,
409 3578 521 3645 partem
544 3575 692 3633 dimidiam
715 3575 745 3631 in
767 3575 914 3645 publicum
940 3572 1072 3643 redigite.

109 3672 133 3714 0.
147 3671 252 3714 IULIUS
268 3671 395 3718 CAESAR.
417 3675 461 3716 111.
878 3669 910 3717 12
