2414 3968
112 187 177 253 124
407 186 555 242 BELLUM
573 185 825 242 HISPANIENSE.

111 356 197 417 mus,
219 333 289 398 loca
311 331 501 397 excellentia
523 332 657 397 tumulis
675 331 834 397 contineri
852 331 1004 401 iuterim
1016 336 1044 419 †
1058 335 1142 402 nulla

111 430 247 516 planitia
264 430 392 514 dividit3
415 430 448 494 id
471 431 557 514 quod
580 453 618 495 eo
641 430 754 496 incidit
777 433 939 514 tempore.

79 545 92 592 1
178 526 347 593 XXVIIII.
383 527 538 592 Planities
562 532 647 599 inter
670 532 805 611 utraque
829 533 944 594 castra
964 531 1143 599 intercede

112 628 169 691 bat
187 626 315 691 circiter
332 625 423 689 milia
440 648 593 709 passuum
608 644 642 708 v,
658 629 697 689 ut
715 624 837 690 auxilia
848 625 999 713 Pompei
1020 630 1142 695 duabus

113 724 360 790 defenderentur
395 723 504 807 rebus,
541 723 659 807 oppido
692 725 725 786 et
756 722 876 789 excelsi
908 724 982 790 loci
1017 732 1141 793 natura

79 821 200 886 2Hinc
233 822 381 906 derigens
413 822 561 904 proxima
591 819 742 904 planities
774 820 994 904 aequabatur.
1046 824 1142 891 Cuius

114 921 284 985 decursum
312 918 519 982 antecedebat
546 919 650 1001 rivus,
677 918 733 1001 qui
760 917 800 980 ad
828 939 947 984 eorum
976 944 1141 989 aceessum

114 1039 274 1081 summam
302 1015 463 1080 efficiebat
488 1015 552 1080 loci
579 1015 796 1099 iniquitatem:
828 1038 906 1081 nam
935 1019 1091 1102 palustri
1116 1026 1142 1087 el

79 1131 95 1179 3
115 1115 308 1199 voraginoso
331 1113 400 1178 solo
424 1136 555 1178 currens
578 1118 647 1178 erat
669 1113 709 1177 ad
730 1113 884 1178 dextram
923 1114 1055 1202 Itaque
1074 1118 1141 1185 Gae

115 1235 168 1277 sar
191 1233 264 1277 cum
287 1211 388 1276 aciem
410 1211 570 1277 derectam
593 1211 737 1294 vidisset,
759 1231 823 1275 non
847 1210 973 1279 habult
996 1216 1140 1299 dubium,

114 1309 193 1394 quin
214 1310 320 1374 media
341 1308 476 1392 planitie
498 1309 533 1373 in
556 1330 694 1392 aequum
717 1308 757 1373 ad
780 1307 1013 1377 dimicandum
1037 1314 1139 1379 adver·

114 1408 191 1473 sarii
228 1407 444 1491 procederent.
497 1405 569 1470 Hoc
601 1409 671 1470 erat
701 1406 736 1470 in
768 1406 915 1471 omnium
951 1417 1138 1497 conspectu

80 1505 188 1571 4Hoc
220 1505 403 1588 accedebat,
436 1508 474 1568 ut
505 1504 596 1570 locus
628 1503 686 1568 illa
711 1502 851 1587 {planitie
884 1508 1068 1591 aequitate
1101 1532 1138 1576 or·

117 1608 248 1668 naretur
289 1607 322 1667 et
358 1602 427 1666 dies
463 1601 542 1667 solis
583 1600 773 1684 serenitate,
815 1603 853 1663 ut
888 1601 1082 1671 mirificum
1114 1609 1138 1670 cl

116 1700 291 1784 optandum
323 1702 451 1783 tempus
483 1721 583 1783 prope
616 1698 656 1762 ab
688 1697 750 1762 diis
781 1697 1037 1769 immortalibus
1067 1702 1137 1769 illud

81 1797 276 1862 utributum
308 1800 394 1860 esset
424 1797 465 1860 ad
496 1794 655 1880 proelium
687 1795 967 1862 commIttendum.
1029 1801 1136 1868 Nostri

115 1894 239 1977 laetari,
262 1893 409 1958 nonnulli
431 1895 528 1959 etiam
551 1893 676 1977 timere,
699 1892 785 1977 quod
807 1892 842 1956 in
860 1915 937 1958 eum
958 1895 1079 1964 locum
1096 1920 1136 1963 res

115 1991 327 2074 fortunaeque
355 1991 499 2055 omnium
526 1991 773 2074 deducerentur,
797 1994 848 2073 ut,
876 1992 1051 2079 quidquid
1072 1999 1136 2083 post

82 2088 229 2153 choram
261 2110 354 2152 casus
385 2089 566 2173 tribuisset,
596 2089 631 2153 iu
658 2090 756 2154 dubio
784 2092 971 2172 poneretur.
1028 2094 1135 2181 Itaque

115 2187 219 2251 nostri
242 2186 283 2250 ad
305 2186 522 2251 dimicandum
544 2187 737 2272 procedunt,
762 2186 796 2250 id
822 2186 908 2270 quod
933 2188 1135 2259 adversarios

116 2285 379 2349 existimabamus
408 2307 477 2349 esse
504 2285 661 2369 facturos3
694 2284 751 2369 qui
777 2288 886 2348 tamen
909 2306 931 2348 a
953 2291 1134 2357 munitione

116 2383 227 2466 oppidi
240 2381 369 2467 longius
383 2403 448 2445 non
462 2382 623 2446 audebant
635 2382 816 2466 procedere,
825 2380 859 2446 in
873 2402 940 2465 quo
955 2384 1027 2451 sibi
1041 2409 1134 2473 prope

115 2502 243 2544 murum
256 2480 455 2562 praesidium
472 2480 512 2544 ab
531 2479 721 2545 adversariis
735 2478 990 2546 constituebant.
1026 2484 1134 2572 Itaque

83 2578 219 2642 anostri
246 2578 432 2662 procedunt.
477 2576 643 2642 Interdum
673 2578 818 2661 aequitas
845 2576 909 2641 loci
933 2579 1135 2651 adversarior

118 2675 326 2760 efflagitabat,
339 2678 377 2739 ut
391 2675 449 2739 tali
463 2675 649 2740 condicione
662 2675 891 2740 contenderent
900 2675 942 2739 ad
951 2678 1135 2763 victoriam

116 2795 220 2856 neque
246 2777 355 2837 tamen
383 2771 432 2836 illi
460 2794 479 2835 a
505 2794 563 2836 sua
590 2773 820 2838 consuetudine
847 2772 1080 2864 discedebant,
1104 2780 1136 2844 ul

84 2885 100 2932 8
120 2874 177 2934 aut
199 2871 238 2934 ab
262 2869 389 2935 excelso
410 2869 480 2933 loco
500 2874 556 2934 aut
574 2871 613 2934 ab
633 2870 752 2954 oppido
771 2870 981 2938 discederent.
1023 2875 1134 2944 Nostri

117 2966 196 3050 pede
218 2989 329 3051 presso
352 2966 485 3051 propius
508 2967 614 3032 rivum
637 2991 710 3033 cum
733 2969 1068 3060 adpropinquassent,
1090 2974 1135 3041 ad·

117 3064 251 3128 versarii
275 3065 470 3147 patrocinari
492 3064 563 3130 loco
586 3065 698 3150 iniquo
721 3088 786 3132 non
809 3066 971 3133 desinunt.

84 3178 97 3225 1
184 3161 285 3226 XXX.
320 3162 402 3228 Erat
425 3164 509 3228 acies
527 3181 591 3228 xm
609 3163 726 3247 aquilis
744 3165 931 3250 constituta,
952 3189 1044 3251 quae
1067 3171 1137 3237 late

118 3259 208 3323 ribus
241 3260 387 3343 equitatu
419 3262 589 3347 tegebatur
617 3284 690 3327 cum
718 3261 783 3326 levi
813 3266 979 3327 armatura
1008 3268 1139 3335 milibus

119 3378 191 3441 sex,
227 3361 393 3440 praeterea
424 3359 596 3424 auxiliares
633 3359 825 3425 accedebant
859 3382 962 3445 prope
1000 3365 1139 3433 alterum

118 3458 260 3539 tantum3
282 3460 393 3520 nostra
415 3457 575 3541 praesidia
597 3474 693 3521 cxxx
716 3456 902 3522 cohortibus
921 3462 956 3523 et
974 3477 1049 3531 vm
1065 3463 1142 3531 mili

39 3590 52 3664 Ι
85 3551 182 3617 abus
208 3551 364 3636 equitum.
414 3552 465 3617 Ita
492 3576 565 3620 cum
594 3555 628 3618 in
655 3559 798 3620 extrema
826 3554 964 3638 planitie
994 3560 1142 3651 iniquus
