2414 3968
461 209 536 265 CAP.
555 210 667 265 II-VI.
1022 212 1063 276 51

100 350 175 419 IIII.
220 353 255 418 L.
282 353 420 419 Plancus
449 354 579 418 interim
610 353 736 439 legatus
767 355 852 439 petit
878 377 896 419 a
924 353 1099 440 Caesare,1

56 451 106 514 uti
137 451 200 515 sibi
232 451 322 515 daret
352 453 546 534 potestatem
582 472 654 515 cum
687 449 837 516 Considio
875 452 1001 537 agendi,
1037 453 1065 516 si

55 552 166 632 posset
197 548 304 633 aliqua
335 548 459 612 ratione
490 548 621 631 perduoi
653 547 694 611 ad
725 549 903 613 sanitatem.
953 547 1101 634 Itaquaa

56 645 131 709 data
152 643 304 709 facultate
321 643 445 709 litteras
464 644 637 709 conscribit
655 649 688 709 et
707 667 759 710 eas
779 645 905 729 captivo
925 645 980 710 dat
996 668 1066 730 per-

55 742 201 806 ferendas
229 742 263 805 in
290 741 445 825 oppidum
473 741 514 805 ad
537 740 732 807 Considium.
778 741 849 819 Quo
872 742 1100 827 simulatque3

56 839 201 922 captiuus
225 860 297 903 oum
323 838 522 923 pervenisset
550 837 752 924 litterasque,
778 844 817 904 ut
843 844 912 905 erat
938 839 1065 904 manda·

55 942 135 1021 tum,
158 933 308 1000 Considio
326 935 491 1020 porrigere
509 935 680 1021 coepisset,
702 937 891 1022 priusquam
909 938 1066 1021 acciperat

55 1033 118 1118 ille,
137 1030 262 1116 ‘Unde',
280 1031 395 1116 inquit,
414 1031 539 1097 ‘istas?'
576 1031 659 1097 'lum
678 1033 837 1116 captivus:
858 1031 1065 1117 ‘Imperatore

55 1128 246 1194 aCaesare.'
281 1127 365 1192 Tum
384 1126 562 1213 Considius,
586 1128 690 1195 ‘Unus
714 1131 784 1215 est',
806 1131 922 1215 inquit,
945 1129 1064 1214 ‘Scipio
1082 1145 1100 1194 4

54 1229 229 1311 imperator
250 1225 313 1291 boo
331 1230 475 1310 tempore
492 1225 606 1310 populi
623 1225 787 1313 Romani'3
810 1227 922 1292 deinde
940 1228 975 1292 in
993 1250 1065 1293 con·

55 1328 167 1409 speetu
194 1345 252 1389 suo
282 1322 393 1387 statim
421 1322 582 1406 captivum
607 1323 745 1389 interfici
767 1323 856 1388 iubet
878 1323 1065 1408 litterasque

54 1421 197 1486 nondum
227 1419 398 1504 perlectas,
430 1420 514 1484 siout
545 1424 636 1484 erant
667 1420 825 1505 signatae,
857 1420 911 1484 dat
940 1420 1066 1485 homini

55 1524 142 1584 certo
166 1517 206 1580 ad
230 1514 413 1601 Scipionem
437 1516 648 1600 perferendas.

119 1613 160 1680 V.
196 1613 373 1698 Postquam
395 1635 461 1678 una
481 1618 575 1679 nocte
598 1614 646 1699 [et
668 1614 733 1700 die]
757 1615 797 1678 ad
821 1615 974 1699 oppidum
992 1636 1064 1679 oon·

55 1715 184 1796 sumpta
215 1733 319 1796 neque
351 1731 540 1795 responsum
571 1710 674 1776 ullum
704 1734 723 1776 a
751 1709 902 1776 Considio
930 1711 1065 1775 dabatur

54 1830 158 1892 neque
182 1808 212 1872 ei
234 1807 376 1892 reliquae
399 1808 509 1891 copiae
536 1810 763 1874 succurrebant
789 1831 892 1894 neque
919 1809 1064 1893 equitatu

55 1904 239 1970 abundabat
270 1908 303 1968 et
338 1905 378 1968 ad
414 1905 568 1989 oppidum
604 1906 854 1991 oppugnandum
889 1927 954 1970 non
985 1906 1064 1971 satis

55 2002 222 2086 copiarum
243 2000 383 2065 habebat
401 2006 434 2066 et
452 2023 505 2066 eas
523 2001 665 2067 tironum
683 2025 786 2087 neque
803 2003 908 2087 primo
926 2003 1064 2068 adventu

57 2097 282 2165 convulnerari
309 2098 485 2162 exereitum
508 2096 636 2162 volebat
661 2103 695 2163 et
715 2099 826 2183 oppidi
847 2099 976 2184 egregia
997 2123 1064 2165 mu·

56 2196 139 2261 nitio
172 2198 205 2259 et
237 2192 378 2258 difficilis
411 2193 450 2257 ad
482 2193 732 2278 oppugnandum
763 2199 831 2258 erat
862 2217 1006 2260 accessus
1033 2201 1065 2260 et

54 2291 263 2357 nuntiabatur
298 2288 419 2352 auxilia
450 2309 567 2374 magna
598 2289 760 2374 equitatus
791 2291 959 2374 oppidanis
992 2313 1065 2375 sup-

53 2389 158 2475 petias
189 2387 313 2470 vanire‚
350 2407 416 2450 non
450 2390 500 2450 est
529 2385 600 2451 visa
630 2386 712 2451 ratio
744 2386 784 2449 ad
815 2387 1064 2471 oppugnandum

53 2485 208 2572 oppidum
231 2482 465 2566 commorandi,
492 2504 546 2566 ne,
574 2481 650 2547 dum
673 2481 707 2546 in
729 2504 822 2548 aare
844 2481 960 2548 Caesar
981 2488 1064 2550 esset

54 2586 241 2666 occupatus,
269 2581 505 2645 circumventus
533 2601 553 2642 a
576 2583 668 2664 tergo
692 2578 731 2643 ab
754 2579 900 2663 equitatu
921 2578 1063 2644 bostium

53 2680 222 2745 laboraret.

120 2775 177 2842 VI.
221 2773 336 2860 Itaque
364 2778 470 2840 castra
496 2796 568 2839 oum
595 2796 723 2839 movere
749 2773 860 2858 vellet,
889 2773 996 2838 subito
1023 2792 1096 2840 ex1

54 2873 172 2958 oppido
195 2872 302 2956 erupit
324 2870 498 2936 multitudo
522 2875 617 2956 atque
640 2871 802 2955 equitatus
830 2869 973 2934 subsidio
997 2892 1061 2935 uno

53 2975 197 3053 tempore
226 2969 272 3034 eis
301 2990 376 3033 oasu
404 2967 573 3051 succurrit,
606 2968 661 3052 qui
693 2971 762 3032 erat
792 2967 910 3032 missus
937 2989 957 3030 a
981 2965 1062 3032 Iuba

54 3068 94 3131 ad
126 3067 322 3149 stipendium
354 3064 586 3149 accipiendum,
623 3069 802 3148 castraque,
832 3063 916 3128 unde
947 3062 1062 3129 Caesar

53 3183 202 3248 egressus
225 3163 287 3227 iter
308 3162 412 3227 facere
435 3164 594 3245 coeperat,
622 3164 778 3244 occupant
800 3163 833 3224 et
855 3161 923 3226 eius
946 3183 1061 3246 agmen

54 3264 232 3326 extremum
255 3260 381 3343 insequi
404 3261 583 3342 coeperunt.
630 3256 717 3334 Quae
743 3279 794 3321 res
822 3279 895 3322 cum
922 3259 1095 3324 animada

53 3380 146 3425 versa
177 3360 273 3441 esset,
305 3358 412 3422 subito
444 3354 613 3440 legionarii
642 3353 835 3438 consistunt,
867 3359 900 3420 at
927 3356 1059 3440 equites,

54 3472 248 3538 quamquam
271 3456 361 3517 erant
383 3452 485 3537 pauci,
508 3456 615 3516 tamen
638 3453 749 3514 contra
771 3454 894 3515 tantam
915 3451 1059 3516 multitu·
1122 3478 1125 3482 “

53 3551 160 3615 dinem
184 3549 392 3614 audacissime
415 3552 615 3614 concurrunt.
660 3545 787 3612 Accidit
812 3571 864 3614 res
892 3549 1093 3614 incredibi-3

862 3658 879 3706 4
885 3653 898 3682 Ι
