2414 3968
419 197 495 253 cAP.
514 196 766 254 XXVIII-XXXI.
786 197 788 202 '
1034 197 1098 263 125

87 344 121 407 in
144 343 252 408 locum
274 344 378 415 nostri
401 343 727 428 adpropinquassent,
749 346 880 427 paratus
902 342 1006 408 hostis
1030 349 1099 408 erat

86 442 246 526 superior,
281 444 319 505 ut
354 441 585 506 transeundum
622 442 769 526 superius
801 441 864 506 iter
894 441 1099 506 vehementer

85 542 170 604 esset
201 538 425 622 periculosum.
474 538 567 615 Quod
599 560 673 603 cum
703 560 722 602 a
749 536 882 603 Caesare
914 543 1000 604 esset
1031 539 1131 604 ani-3

85 637 302 719 madversum,
334 657 373 698 ue
406 636 484 719 quid
516 640 636 701 temere
668 635 763 720 culpa
790 658 922 700 suorum
951 637 1097 701 admitte·

85 738 184 818 retur,
207 755 280 798 eum
300 732 408 797 locum
426 734 558 799 definire
577 734 691 818 coepit.
728 733 821 811 Quod
840 756 912 799 cum
930 733 1098 798 hominum
1115 750 1133 797 4

87 831 219 896 auribus
242 834 326 895 esset
349 830 520 916 obiectum,
542 832 677 896 moleste
701 837 734 896 et
756 833 868 896 acerbe
891 832 1099 917 accipiebant,

87 954 121 995 se
153 930 316 1015 impediri,
348 950 412 1013 quo
443 930 551 994 minus
583 929 741 1013 proelium
774 930 929 994 conficere
959 934 1099 1012 possent.

86 1026 175 1092 Haec
202 1051 293 1093 mora
320 1027 519 1093 adversarios
546 1027 717 1093 alacriores
745 1027 917 1092 efficiebat:
952 1026 1134 1092 Caesarisa

86 1126 195 1209 copias
227 1127 343 1191 timore
375 1125 524 1209 impediri
557 1125 597 1189 ad
628 1125 894 1190 committendum
931 1125 1099 1209 proelium.

86 1221 137 1287 lta
160 1245 194 1288 se
217 1224 383 1288 efferentes
407 1223 518 1306 iniquo
541 1222 613 1287 loco
636 1223 687 1286 sui
714 1226 906 1306 potestatem
930 1223 1100 1307 faciebant,
1119 1237 1135 1284 6

86 1327 123 1387 ut
152 1343 269 1407 magno
297 1325 405 1387 tamen
436 1321 579 1405 periculo
607 1342 753 1386 accessus
780 1343 891 1386 eorum
918 1321 1099 1386 haberetur.

85 1419 149 1484 Hic
168 1419 334 1484 decumani
353 1440 449 1484 suum
466 1419 583 1503 locum,
606 1414 739 1483 cornum
758 1419 916 1504 dextrum,
938 1419 1099 1505 tenebant,
1120 1433 1134 1481 7

85 1518 253 1583 sinistrum
281 1535 320 1581 111
347 1521 380 1581 et
408 1535 432 1581 v
458 1517 544 1603 legio
572 1517 714 1600 itemque
741 1520 774 1581 et
802 1520 907 1582 cetera
929 1516 1050 1581 auxilia
1072 1522 1102 1581 et

86 1616 258 1700 equitatus.
304 1614 475 1693 Proelium*
490 1615 629 1680 clamore
651 1614 737 1679 facto
761 1615 983 1680 committitur.

152 1711 270 1776 XXXI.
314 1711 378 1777 Hic
405 1714 465 1777 etsi
493 1712 614 1777 virtute
641 1712 745 1777 nostri
773 1712 1015 1796 antecedebant,
1047 1710 1133 1774 ad-1

86 1809 219 1874 versarii
254 1808 326 1873 loco
361 1810 525 1894 superiore
556 1831 588 1875 se
619 1810 833 1876 defendebant
866 1811 1031 1893 acerrime,
1069 1812 1101 1873 et

85 1905 257 1971 vehemens
280 1906 379 1970 fiebat
401 1907 441 1971 ab
465 1909 611 1991 utrisque
635 1907 755 1973 clamor
778 1907 980 1992 telorumque
998 1906 1100 1971 missu

86 2024 274 2086 concursus,
311 2003 362 2066 sic,
389 2008 426 2068 ut
457 2026 558 2087 prope
589 2006 692 2069 nostri
725 2005 908 2069 diffiderent
938 2005 1100 2068 victoriae.

87 2099 286 2185 Congressus
323 2100 408 2164 enim
446 2106 478 2165 et
514 2101 648 2187 clamor,
684 2103 802 2185 quibus
833 2103 930 2166 rebus
961 2102 1135 2165 maximea

85 2196 191 2262 hostis
224 2200 438 2282 conterretur,
469 2199 503 2262 in
533 2198 662 2263 conlatu
690 2200 760 2283 pari
788 2204 879 2264 erant
906 2199 1100 2263 condicione.

86 2293 138 2359 lta
160 2317 200 2359 ex
221 2299 360 2378 utroque
383 2316 498 2380 genero
521 2317 594 2360 cum
616 2318 726 2380 parem
749 2297 903 2361 virtutem
922 2296 962 2360 ad
980 2295 1134 2360 bellan-3

86 2393 163 2457 dum
195 2392 422 2478 contulissent,
452 2393 593 2478 pilorum
625 2392 726 2457 missu
758 2395 823 2458 fixa
854 2392 1036 2458 cumulatur
1069 2397 1101 2456 et

86 2490 227 2556 concidit
245 2490 501 2555 adversariorum
518 2489 701 2555 multitudo.
738 2491 905 2561 Dextrum,
916 2494 953 2554 ut
971 2490 1099 2554 demon·
1117 2505 1135 2552 4

84 2590 259 2655 stravimus
283 2588 474 2654 decumanos
498 2610 630 2654 comum
654 2590 809 2674 tenuisse,
839 2589 896 2673 qui
923 2588 985 2652 etsi
1008 2591 1100 2652 erant

83 2687 192 2771 pauci,
233 2689 342 2750 tamen
382 2690 515 2770 propter
554 2686 709 2751 virtutem
745 2708 863 2772 magno
900 2685 1099 2750 adversarios

83 2786 199 2849 timore
218 2805 330 2848 eorum
349 2804 446 2867 opera
464 2784 642 2869 adficiebat,
666 2786 752 2869 quod
776 2808 795 2849 a
817 2807 876 2850 suo
897 2785 969 2849 loco
987 2783 1098 2849 hostes

83 2882 291 2947 vehementer
316 2887 676 2967 premerecoepcrunt,
705 2887 743 2947 ut
770 2883 810 2946 ad
836 2881 1031 2964 subsidium,
1059 2901 1098 2943 ne

85 2978 125 3042 ab
152 2979 252 3045 latere
280 2979 383 3044 nostri
411 2983 617 3064 occuparent,
644 2979 730 3065 legio
759 2979 1012 3057 adversariorum
1036 2982 1098 3042 tra·

85 3076 158 3140 duci
182 3080 295 3160 coepta
317 3077 360 3141 sit
383 3098 402 3139 a
425 3076 546 3142 dextro.
586 3076 675 3154 Quae
698 3077 796 3141 simul
819 3081 869 3141 est
890 3079 987 3160 mota,
1010 3075 1097 3159 equi·
1117 3091 1133 3139 5

84 3177 172 3237 tatus
196 3172 339 3239 Caesaris
366 3174 499 3238 sinistro
528 3196 627 3239 comu
654 3197 798 3259 premere
826 3175 944 3259 coepit,
976 3175 1022 3238 ita
1049 3175 1097 3239 uti

85 3271 204 3336 eximia
235 3271 355 3336 virtute
386 3272 545 3355 proelium
572 3272 676 3337 facere
706 3276 851 3357 possent,
882 3275 920 3336 ut
945 3270 1036 3336 locus
1064 3273 1097 3336 in

85 3370 187 3434 aciem
216 3369 255 3432 ad
283 3369 463 3434 subsidium
490 3369 644 3434 veniundi
671 3392 736 3436 uon
763 3370 900 3434 daretur.
946 3367 996 3433 lta
1023 3383 1132 3433 cumo

84 3466 207 3532 clamor
225 3470 310 3529 esset
327 3466 534 3532 intermixtus
553 3468 676 3553 gemitu
695 3468 938 3552 gladiorumque
958 3467 1098 3550 crepitus

83 3562 217 3629 auribus
231 3563 368 3650 oblatus,
381 3565 593 3650 inperitorum
602 3569 726 3630 mentes
735 3566 850 3631 timore
864 3564 1097 3649 praepediebat.
