2414 3968
119 214 161 278 12
387 212 537 268 BELLUM
555 210 858 266 ALEXANDRINUM.

118 357 147 423 si
168 357 336 424 inferiores
358 358 511 441 fuissent,
540 357 697 442 reliquam
725 360 833 421 tamen
860 355 1028 421 fortunam
1051 359 1136 443 peri·

83 453 313 520 aelitarentur.
360 454 465 520 Simul
487 453 569 519 illud
595 474 692 539 grave
715 476 752 519 ae
774 455 928 519 miserum
949 455 1135 543 videbatur,

115 575 292 637 perpaucos
315 554 354 617 de
377 574 504 617 summa
524 573 630 616 reram
656 573 693 615 aa
719 551 758 615 de
781 551 885 617 salute
908 553 1061 618 omniurn
1084 554 1134 619 de-

117 655 251 734 certare3
281 671 420 734 quorum
449 649 477 714 si
501 649 556 733 qui
584 651 641 712 aut
663 647 770 711 animo
793 651 850 712 aut
871 646 996 733 uirtute
1019 649 1133 715 cessis

117 751 181 832 set,
216 747 351 831 reliquis
383 746 481 809 etiam
513 749 598 811 esset
628 742 820 828 cavendum,
856 744 975 828 quibus
1005 767 1069 830 pro
1098 768 1138 811 se-

81 861 97 908 3
115 842 281 929 pugnandi
303 841 440 907 facultas
463 864 529 907 non
550 841 674 906 fuisset
718 839 808 906 Haeo
825 841 1050 925 superioribus
1069 842 1132 909 die-

116 941 176 1006 bus
196 961 425 1025 saepenumero
440 937 556 1004 Caesar
574 939 641 1004 suis
655 941 856 1023 exposuerat,
874 943 911 1003 ut
928 938 993 1004 hoo
1007 940 1131 1007 maiore

117 1038 224 1102 animo
248 1038 490 1121 contenderent,
520 1036 773 1121 quodomnium
796 1035 934 1100 sulutem
956 1036 1023 1101 sibi
1046 1058 1131 1103 eorn-

81 1135 300 1199 4mendatam
326 1135 480 1201 viderent
524 1133 648 1199 Eadem
676 1155 770 1198 suum
798 1133 935 1217 quisque
959 1135 1130 1201 contuber-

116 1231 232 1316 nalem,
254 1232 403 1317 amioum,
424 1235 540 1296 notum
562 1252 759 1315 prosequens
782 1234 852 1295 erat
874 1231 1069 1318 obtestatus,
1090 1254 1129 1299 ne

117 1350 209 1394 suam
232 1334 328 1415 atque
351 1329 496 1395 omnium
519 1328 645 1393 falleret
668 1328 863 1412 opinionem,
886 1348 1026 1412 quorum
1050 1330 1130 1396 iudi·

81 1425 166 1490 eeio
199 1426 341 1491 delectus
371 1426 412 1490 ad
440 1445 583 1510 pugnam
612 1425 877 1510 proficisceretur.
921 1422 1038 1510 Itaque
1068 1427 1130 1494 hoe

116 1524 223 1589 animo
246 1528 296 1588 est
315 1524 523 1606 decertatum,
544 1525 582 1586 ut
604 1543 708 1606 neque
730 1522 903 1587 maritimis
925 1525 1129 1611 nauticisque

116 1619 260 1685 sollertia
289 1623 386 1704 atque
415 1641 468 1683 ars
497 1619 693 1703 praesidium
721 1618 834 1704 ferret,
862 1641 966 1704 neque
993 1643 1129 1689 numero

116 1717 247 1781 navium
265 1715 505 1800 praestantibus
523 1715 698 1780 multitudo
715 1716 891 1801 prodesset,
911 1739 1016 1803 neque
1034 1718 1130 1785 eleeti

117 1814 158 1877 ad
174 1814 329 1877 virtutem
347 1835 365 1877 e
383 1815 475 1876 tanta
496 1811 703 1877 multitudine
725 1813 788 1878 riri
805 1814 920 1878 virtuti
941 1818 1130 1883 nostrorum

82 1926 98 1973 6
116 1914 249 1994 possent
271 1909 456 1994 adaequare.
502 1909 635 1993 capitur
657 1909 718 1974 hoo
739 1910 862 1994 proelio
886 1911 1130 1996 quinqueremis

116 2029 181 2071 una
204 2009 236 2070 et
257 2005 390 2070 biremis
409 2027 482 2070 eum
505 2006 725 2071 defensoribus
747 2007 998 2092 remigibusque,
1022 2014 1057 2075 et
1079 2012 1130 2077 de

83 2121 97 2168 7
117 2104 302 2189 primuntur
319 2107 385 2168 tres
413 2103 534 2168 nostris
551 2102 767 2168 incolumibus
783 2104 940 2170 omnibus.
969 2104 1131 2193 Reliquae

115 2201 330 2285 propinquam
362 2200 472 2286 fugam
505 2201 545 2265 ad
577 2200 730 2285 oppidum
763 2201 910 2287 eapiunt3
942 2223 1023 2285 quas
1055 2226 1130 2289 pro

116 2303 265 2365 texerunt
292 2321 332 2364 ex
358 2298 499 2364 molibus
522 2302 618 2383 atque
641 2297 794 2362 aedificiis
821 2297 1068 2366 imminentibus
1098 2307 1131 2368 et

115 2400 243 2461 nostros
267 2396 354 2460 adire
376 2397 510 2480 propius
532 2395 777 2480 prohibuerunt.

81 2507 95 2554 1
180 2490 284 2558 XVII.
321 2491 393 2557 Hoe
414 2514 456 2556 ne
479 2492 542 2557 sibi
569 2493 697 2577 saepius
720 2492 862 2558 aoeidere
887 2497 1011 2579 posset,
1038 2497 1132 2563 omni

114 2589 239 2653 ratione
263 2587 379 2653 Gaesar
407 2589 663 2654 contendendum
687 2589 899 2674 existimavit,
924 2593 963 2654 ut
986 2590 1132 2663 insulam

115 2683 298 2766 molemque
320 2682 361 2747 ad
387 2682 526 2747 insulam
553 2686 769 2768 pertinentem
795 2687 944 2752 insuam
966 2687 1133 2774 redigeret

81 2782 317 2863 apotastatem.
354 2778 510 2844 Perfeetis
525 2781 611 2845 enim
630 2804 748 2868 magna
770 2806 810 2850 ex
826 2787 918 2868 parte
940 2786 1132 2854 munitioni·

114 2875 176 2939 bus
199 2877 234 2939 in
252 2877 369 2961 oppido
388 2882 421 2942 et
438 2876 578 2942 insulam
598 2882 631 2944 et
649 2880 761 2944 urbem
778 2902 843 2945 uno
862 2884 1006 2964 tempore
1025 2886 1133 2969 temp·

81 2973 179 3036 atari
201 2994 295 3056 posse
319 2975 506 3040 confidebat.
554 2974 625 3052 Quo
649 2979 742 3060 eapto
770 2975 904 3041 oonsilio
930 2976 1082 3044 cohortes
1105 2997 1133 3045 x

116 3074 149 3134 et
175 3069 256 3134 levis
285 3075 464 3138 armaturae
489 3072 622 3156 eleetos,
653 3091 791 3157 quosque
817 3072 949 3137 idoneos
976 3094 1017 3137 ex
1039 3076 1132 3160 equi·

116 3167 204 3232 tibus
229 3165 330 3230 Gallis
358 3161 588 3253 arbitrabatur,
614 3170 650 3234 in
671 3169 801 3254 navigia
826 3169 952 3233 minora
978 3171 1132 3256 scaphas-

115 3286 177 3349 que
190 3263 348 3349 imponit5
371 3265 505 3330 alteram
518 3265 641 3331 insulae
655 3270 780 3349 partem
795 3266 993 3332 distinendae
1010 3290 1133 3337 manus

118 3381 213 3424 eausa
240 3361 412 3424 constratis
440 3362 576 3427 navibus
607 3363 793 3448 adgreditur
818 3363 970 3449 praemiis
999 3369 1133 3453 magnis

80 3455 306 3540 epropositis,
327 3457 395 3540 ‘qui
425 3459 549 3542 primus
581 3459 719 3524 insulam
752 3461 897 3545 cepisset
941 3458 991 3525 Ao
1019 3464 1132 3547 primo

116 3552 273 3637 impetum
295 3558 480 3619 nostrorum
501 3555 652 3620 Pharitae
675 3556 910 3623 sustinuerunt:
944 3580 1010 3623 uno
1041 3562 1133 3629 enirn
