2414 3968
114 175 180 239 210
332 175 360 231 C.
378 174 465 229 IULII
484 174 655 230 CAESARIS
674 173 912 231 FRAGMENTA.

18 333 102 418 3333·
113 321 245 445 {mizi}
263 322 301 387 (a.
321 319 347 373 el.
366 319 474 373 1V1a.
495 318 597 386 Febr).
641 318 767 373 Caesaris
794 318 953 374 litterarum
980 319 1134 389 exemplum

37 432 83 481 ‘⁴⁹'
185 434 296 533 cau
313 479 370 533 nu.
391 478 545 547 r111,2‚1
565 481 604 547 (a.
623 478 649 532 a.
670 478 757 532 xrrr
771 478 839 532 nar.
859 479 972 546 rrae).
1014 480 1080 552 eqo
1098 480 1133 534 aa

114 550 255 605 Caesarem
272 566 345 604 uuas
360 550 456 619 Capua
472 551 577 605 litteras
590 550 661 616 decli,
680 551 778 618 quibus
795 550 834 604 ael
852 566 884 604 ea
902 551 1047 620 rescripsi,
1067 569 1134 622 quac

9 618 12 622 ’
111 638 214 676 mecum
241 621 287 675 ille
313 622 347 676 cle
372 622 573 691 plodiotoribus
594 622 653 675 suis
675 627 816 691 eperat...
840 621 954 676 Alteras
978 623 1075 678 eoderrt
1093 623 1135 678 die

112 693 189 758 decli,
211 708 263 761 quo
281 693 332 747 bas
349 693 387 746 ad
405 699 443 747 te:
466 709 523 746 uou
537 694 618 762 potui
635 708 692 746 mou
710 693 791 759 dare,
809 709 893 762 quum
912 699 937 748 et
956 694 1018 763 ipse
1038 695 1078 748 ael
1096 711 1134 749 me

114 764 266 833 scripsisset
283 769 308 818 et
325 764 441 818 Balbus.

186 853 240 908 Cic.
255 854 293 907 ael
306 853 363 911 Au.
378 852 463 918 VIII,
477 856 553 919 11‚5
573 853 647 920 (ael.
662 853 719 905 III
729 851 796 906 Kal.
808 851 919 920 Mart).
947 852 1033 923 Quod
1052 871 1132 924 quae·

112 926 165 991 ris,
184 925 251 994 quid
270 924 371 978 Caesar
389 925 426 977 acl
445 940 485 977 mc
502 924 648 992 scripserit,
667 923 739 992 quod
756 939 848 992 saepe,
865 923 1065 993 pratissimum
1082 927 1135 981 sebi

110 1013 174 1062 esse,
192 997 265 1065 quod
282 996 406 1065 quierim,
425 1001 544 1064 oratque,
562 996 641 1049 iuro
659 1001 691 1049 ut
705 1011 877 1063 perseverem.
909 995 1025 1051 Balbus
1044 998 1135 1052 miror

110 1068 176 1121 boec
203 1068 295 1121 coelem
321 1066 462 1121 mouelma.
489 1098 523 1106 -
550 1070 587 1120 15
596 1066 669 1132 A,3
694 1066 814 1132 (Balbus
837 1066 874 1120 ael
893 1065 1004 1135 Cicer).
1046 1068 1134 1123 Balbi

111 1139 164 1192 mei
182 1139 275 1206 tuique
294 1138 413 1192 arlueutu
431 1137 591 1191 delectatum
612 1143 638 1192 te
655 1137 734 1191 ualde
751 1138 871 1206 pecudeo:
900 1138 925 1192 is
943 1154 1133 1210 quaecumque

109 1209 162 1263 tibi
180 1210 212 1263 de
231 1209 346 1263 Caesare
364 1209 437 1263 dicit
454 1225 574 1278 quaeque
593 1207 694 1263 Caesar
711 1209 833 1276 scripsit,
855 1209 925 1275 scio,
947 1226 980 1263 re
998 1210 1055 1265 tibi
1069 1227 1133 1281 pro·

111 1280 195 1346 babit,
214 1296 395 1350 quaecumque
412 1280 527 1347 fortuma
545 1280 604 1334 eius
620 1279 715 1346 suerit,
733 1280 870 1334 oerrsume
887 1281 1044 1349 scripsisse.

310 1475 369 1530 AD
388 1476 422 1529 L.
442 1474 680 1530 LENTULUM
696 1473 924 1530 CONSULEM.

183 1573 238 1627 Cic.
258 1573 296 1626 ad
313 1573 370 1627 Au.
395 1573 484 1638 VIII,
499 1576 525 1638 9,
539 1576 563 1626 4.
606 1573 654 1627 VI.
674 1572 740 1626 Kal.
761 1573 875 1641 (Mart.)
893 1575 1002 1643 uesperi
1021 1575 1133 1631 Balbus

110 1645 200 1699 miuor
227 1645 264 1697 od
291 1661 332 1698 mc
353 1645 427 1697 remit
449 1645 553 1697 occulto
571 1644 619 1698 oio
636 1661 748 1698 curreris
766 1645 804 1697 uel
822 1643 974 1699 Leutulum
993 1648 1133 1702 commleu

110 1716 195 1769 missu
220 1714 345 1769 Caesaris
367 1731 428 1768 cum
456 1715 566 1780 litteris,
593 1732 654 1768 cuae
680 1715 832 1780 plaudatis,
860 1732 920 1769 cum
945 1719 1133 1785 promissione

105 1786 276 1854 praelusisse,
294 1785 411 1838 Romam
428 1791 460 1839 ut
477 1786 576 1839 redeat.
596 1818 629 1825 —
656 1787 693 1839 acl
711 1786 768 1840 Att.
792 1787 881 1853 VIII,
895 1792 939 1854 11,
954 1791 981 1842 5.
1022 1789 1134 1844 Balbus

109 1857 201 1909 miuor
219 1856 284 1910 baec
301 1857 393 1910 euclem
411 1857 560 1922 maudata;
587 1857 637 1911 iter
656 1864 746 1911 autem
764 1858 822 1911 eius
840 1863 899 1912 erat
917 1859 955 1912 ab
974 1859 1131 1916 Lentulum

109 1927 245 1981 consulem
264 1943 325 1982 cum
343 1928 440 1982 litteris
458 1927 583 1982 Caesaris
598 1930 835 1998 praemiorumque
849 1931 1006 1998 promissis.

320 2140 378 2194 AD
398 2141 441 2193 M.
462 2140 654 2196 TULLIUM
670 2140 917 2196 CICERONEM.

182 2246 236 2301 Cic.
255 2247 294 2301 ael
311 2246 368 2302 Au.
387 2247 448 2313 IX,
464 2252 494 2314 6,
508 2247 543 2301 A.
586 2246 688 2301 Caesar
710 2247 776 2317 imp.
801 2247 827 2302 S.
845 2247 879 2302 D.
904 2247 1036 2304 Ciceroni
1060 2251 1128 2322 imp.

58 2344 65 2356 ·
109 2317 201 2382 Quum
219 2317 353 2380 Furnium
370 2321 497 2372 nostrum
515 2321 628 2372 tantum
645 2317 790 2388 vidissem,
813 2334 905 2386 neque
928 2319 1011 2388 loqui
1034 2339 1128 2392 neque

109 2388 208 2442 audire
230 2405 292 2443 meo
316 2390 459 2443 commodo
482 2389 649 2459 potuissem,
677 2405 856 2460 properarem
879 2393 965 2458 atque
985 2407 1082 2447 essem
1100 2394 1129 2448 in

108 2459 210 2514 itinere
228 2459 388 2530 praemissis
406 2460 465 2513 iam
483 2460 650 2531 legionibus,
669 2460 823 2530 praeterire
842 2464 938 2515 tamen
956 2479 1017 2518 non
1036 2465 1126 2534 potui,

108 2530 178 2600 quin
197 2534 226 2585 et
245 2531 395 2585 scriberem
415 2532 451 2584 ad
469 2534 498 2585 te
518 2535 546 2585 et
564 2531 645 2585 illum
663 2531 806 2586 mitterem
819 2531 984 2602 gratiasque
1001 2551 1126 2606 agerem,

109 2602 164 2656 etsi
181 2603 235 2656 hoc
255 2606 284 2656 et
301 2602 356 2656 feci
375 2619 459 2672 saepe
478 2605 506 2656 et
525 2603 636 2674 saepius
655 2602 725 2656 mihi
743 2603 870 2657 facturus
888 2602 1000 2661 videor:
1029 2606 1074 2661 ita
1093 2608 1127 2661 de

108 2691 154 2728 me
171 2673 294 2729 mereris.
322 2673 460 2743 Imprimis
480 2690 496 2727 a
514 2677 543 2728 te
561 2677 636 2744 peto,
655 2673 788 2742 quoniam
807 2674 916 2728 confido
933 2691 980 2729 me
996 2677 1129 2733 celeriter

109 2745 147 2798 ad
165 2746 263 2799 urbem
280 2748 435 2813 venturum,
455 2748 488 2798 ut
506 2748 535 2799 te
554 2744 595 2799 ibi
612 2744 732 2814 rideam,
751 2749 784 2799 ut
801 2748 850 2799 tuo
869 2745 998 2815 consilio,
1019 2749 1126 2820 gratia,

108 2815 262 2885 dignitate,
287 2832 339 2886 ope
358 2816 484 2870 omnium
501 2833 595 2870 rerum
612 2815 655 2870 uti
673 2815 786 2886 possim.
824 2817 868 2869 Ad
886 2817 1068 2886 propositum
1086 2837 1129 2875 re-

108 2890 212 2954 vertar:
235 2886 410 2941 festinationi
427 2903 508 2941 meae
526 2887 714 2956 brevitatique
732 2887 891 2942 litterarum
909 2887 1056 2961 ignosces;
1083 2909 1126 2948 re·

107 2956 187 3024 liqua
205 2975 239 3012 ex
257 2957 360 3012 Furnio
378 2974 537 3028 cognosces.

481 3136 539 3189 AD
562 3137 747 3192 BALBUM.

180 3231 234 3286 Cic.
254 3233 292 3286 ad
309 3234 366 3288 Au.
386 3234 443 3299 IX,
458 3237 514 3299 6,1
535 3238 572 3301 (a.
592 3235 619 3287 cl.
638 3234 687 3287 IV
702 3236 745 3290 Id.
767 3235 875 3302 Mart).
903 3235 995 3291 Roma
1014 3241 1129 3310 scripsit

108 3302 216 3356 Balbus
240 3305 338 3370 putori
365 3305 422 3358 iam
440 3304 590 3366 Leutulum
615 3307 750 3360 cousulem
776 3307 926 3361 tramisisse
947 3324 998 3363 mec
1022 3328 1087 3366 eum
1111 3331 1129 3367 a

107 3374 211 3427 minore
230 3374 320 3429 Balbo
346 3382 518 3442 couocutum,
546 3377 618 3445 quod
645 3378 671 3431 is
696 3378 746 3432 boc
769 3379 827 3432 iam
850 3378 969 3432 Cauusii
992 3383 1129 3450 audisset,

107 3444 172 3498 imile
191 3445 228 3497 ael
245 3461 272 3499 se
290 3462 350 3499 euru
367 3447 518 3514 scripsisse,
537 3448 705 3517 cohortesque
723 3466 782 3516 seu,
802 3465 870 3517 quae
888 3449 978 3505 Albae
996 3453 1128 3521 fuissem,

107 3515 146 3568 aci
165 3515 280 3569 Curium
299 3518 346 3570 utu
365 3517 496 3573 Miuucia
514 3520 653 3585 trausisse,
671 3520 702 3573 ici
721 3519 862 3575 Caesarem
880 3522 918 3575 ael
936 3537 964 3576 sc
982 3526 1129 3596 scripsisse

107 3591 133 3642 et
151 3586 224 3641 breui
241 3593 356 3656 tempore
374 3603 435 3642 eum
453 3590 490 3643 od
507 3591 600 3645 urbem
617 3591 751 3657 futurum.
