2414 3968
363 195 458 252 cin
476 196 740 254 1111111-111111111.
874 266 877 271 .
1005 199 1066 263 127

57 344 154 423 esset,
186 342 254 406 eius
286 341 394 405 verbis
426 342 576 406 nuntium
603 343 718 428 mittit,
751 367 824 409 eum
851 344 958 409 minus
986 344 1069 410 belle

57 437 188 502 habere:
211 442 249 502 ut
271 439 438 504 mitterent
460 439 616 522 lecticam,
640 463 704 524 qua
725 443 759 506 in
780 442 934 526 oppidum
954 442 1089 507 deferri

56 536 169 619 possit.
209 536 397 602 Lecticariis
415 538 524 602 missis
541 536 716 621 Pompeius
735 538 895 604 Carteiam
919 539 1069 605 defertur.
1088 557 1105 604 8

58 633 120 710 Qui
152 632 281 699 illarum
312 636 454 719 partium
485 635 627 700 fautores
660 641 781 720 essent,
813 638 1007 702 conveniunt
1036 639 1070 702 in

57 731 203 816 domum,
230 754 294 816 quo
324 736 393 797 erat
419 732 544 798 delatus
569 770 610 778 —
635 734 691 817 qui
717 734 866 798 arbitrati
889 739 964 800 sunt
987 735 1070 800 clan-

56 828 165 892 culum
193 830 317 894 venisse
346 868 403 913 -,
435 833 472 893 ut
499 831 539 894 ab
567 852 618 914 eo,
648 853 729 914 quae
757 831 890 916 vellent,
918 833 956 898 de
983 833 1069 899 bello

54 927 265 1010 requirerent.
315 926 396 991 Cum
428 927 610 1012 frequentia
641 929 855 1013 convenisset,
873 930 926 995 ‚de
957 930 1070 995 lectica

55 1023 230 1108 Pompeius
252 1048 364 1090 eorum
387 1026 421 1090 in
443 1025 540 1091 fidem
564 1025 720 1112 confugit.

122 1121 273 1187 XXXIII.
312 1123 427 1188 Caesar
450 1146 490 1187 ex
512 1123 635 1208 proelio
659 1123 787 1189 Munda
808 1125 994 1192 munitione.
1011 1125 1102 1190 cir-1

56 1220 207 1284 cumdata
225 1220 407 1287 Cordubam
430 1222 527 1286 venit.
564 1221 627 1298 Qui
650 1244 690 1286 ex
708 1222 802 1286 caede
820 1244 858 1287 eo
877 1222 1071 1308 refugerant,

13 1380 16 1385 .
54 1322 187 1401 pontem
211 1324 417 1404 occuparunt.
459 1318 540 1384 Cum
563 1341 601 1383 eo
624 1323 756 1383 rentum
779 1323 873 1403 esset,
896 1320 1104 1385 convitiarer

55 1422 239 1502 coeperunt,
262 1440 320 1482 nos
344 1440 384 1483 ex
406 1416 529 1501 proelio
553 1438 672 1499 paucos
695 1439 875 1501 superesse,
898 1439 962 1501 quo
980 1417 1070 1503 fuge·

54 1514 185 1578 remus?
240 1513 291 1579 lta
328 1535 472 1600 pugnare
509 1518 683 1598 coeperunt
718 1514 757 1579 de
793 1519 899 1598 ponte.
954 1514 1071 1580 Caesar
1113 1560 1116 1566 .

54 1611 175 1676 flumen
198 1613 325 1677 traiecit
348 1617 381 1677 et
404 1617 508 1678 castra
530 1612 647 1695 posuit.
693 1610 840 1696 Scapula,
864 1613 966 1695 totius
989 1612 1069 1678 sedi·
1088 1629 1104 1678 3

54 1708 154 1773 tionis
183 1710 210 1794 [,
239 1709 381 1774 familiae
408 1715 441 1775 et
466 1710 707 1793 libertinorum]
731 1713 848 1794 caput,
880 1733 919 1774 ex
946 1710 1069 1794 proelio

55 1803 238 1870 Cordubam
267 1829 340 1872 cum
367 1808 521 1892 venisset,
547 1806 704 1871 familiam
733 1811 766 1872 et
792 1806 928 1882 libertos
956 1830 1069 1873 convo-

54 1904 149 1986 carit,
171 1926 285 1987 pyram
308 1905 372 1969 sibi
394 1905 550 1988 extruxit,
578 1927 688 1969 cenam
718 1905 837 1970 adferri
864 1927 960 1989 quam
989 1907 1069 1990 opti·

54 2022 142 2064 mam
160 2000 341 2086 imperarit,
359 2002 437 2066 item
454 2003 585 2086 optimis
600 2002 841 2067 instemendum
855 2005 1069 2068 vestimentis:

54 2097 223 2180 pecuniam
253 2102 286 2162 et
312 2103 482 2184 argentum
505 2100 539 2163 in
560 2100 742 2182 praesentia
764 2099 906 2164 familiae
929 2100 1068 2165 donavit.

56 2191 129 2276 lpse
156 2193 194 2257 de
217 2198 361 2278 tempore
384 2199 490 2279 cenat,
516 2197 653 2260 resinam
679 2200 711 2261 et
734 2197 869 2261 nardum
895 2197 1068 2262 identidem
1088 2215 1105 2262 4

55 2291 120 2356 sibi
143 2292 293 2357 infundit.
329 2290 381 2356 Ita
402 2293 578 2357 novissimo
601 2297 745 2376 tempore
769 2315 897 2358 serrum
920 2294 1021 2359 iussit
1037 2299 1070 2359 et

54 2388 218 2473 libertum,
241 2389 296 2474 qui
319 2389 435 2454 fuisset
453 2390 522 2454 eius
541 2390 747 2474 concubinus,
770 2389 907 2455 alterum
925 2414 959 2456 se
978 2393 1069 2477 iugu-

54 2486 135 2570 lare,
158 2487 296 2566 alterum
319 2510 433 2571 pyram
456 2488 632 2553 incendere.

122 2583 291 2650 XXXIIII.
342 2582 503 2669 Oppidani
534 2589 656 2670 autem,
688 2586 787 2650 simul
819 2584 935 2650 Caesar
966 2591 1103 2652 castral

55 2688 169 2747 contra
191 2684 232 2747 ad
250 2683 406 2767 oppidum
423 2684 543 2768 posuit,
565 2684 745 2749 discordare
764 2688 948 2767 coeperunt,
967 2706 1069 2768 usque

59 2803 112 2864 eo,
143 2785 181 2845 ut
203 2780 325 2845 clamor
347 2781 381 2845 in
404 2785 509 2847 castra
531 2785 643 2846 nostra
664 2783 963 2866 perveniret†fere
986 2782 1070 2847 inter

57 2877 266 2944 Caesarianos
294 2883 327 2944 et
351 2879 436 2944 inter
457 2879 680 2964 Pompeianos.
725 2879 829 2944 Erant
850 2879 904 2945 hie
926 2879 1103 2965 legionesa

56 2977 140 3040 duae
156 2999 196 3040 ex
208 2977 354 3064 perfugis
368 2978 577 3061 conscriptae,
594 2978 714 3060 partim
728 2977 962 3061 oppidanorum
976 2979 1069 3058 servi,

57 3071 113 3157 qui
146 3077 237 3137 erant
268 3096 287 3137 a
319 3073 350 3139 S.
377 3072 532 3158 Pompeio
564 3075 769 3160 manumissi,
805 3076 862 3159 qui
892 3076 926 3140 in
959 3075 1068 3141 Gaesa-

54 3169 102 3234 ris
133 3169 306 3239 adventum
337 3171 506 3237 dissentire
534 3178 715 3257 coeperunt.
739 3173 861 3258 .Legio
888 3191 952 3238 xm
979 3176 1102 3258 oppia

58 3267 136 3330 dum
154 3267 322 3333 defendere
341 3271 455 3354 eoepit,
473 3291 522 3353 ne,
540 3292 613 3335 cum
632 3271 696 3335 iam
716 3270 944 3356 depugnarent,
962 3274 1068 3334 turres

56 3386 98 3429 ex
126 3369 217 3448 parte
244 3369 277 3430 et
303 3388 432 3431 murum
460 3372 660 3452 occuparent.
709 3367 848 3433 Demum
875 3367 1000 3453 legatos
1028 3368 1103 3433 ad4

57 3460 226 3527 Caesarem
240 3463 384 3548 mittunt,
397 3469 434 3529 ut
447 3465 510 3529 sibi
522 3464 666 3551 legiones
676 3465 819 3531 subsidio
829 3466 1070 3531 intromitteret.

55 3558 129 3623 Hoc
156 3581 230 3624 cum
257 3561 548 3627 animadverterent
574 3562 721 3628 homines
744 3563 888 3648 fugitivi,
915 3564 1068 3648 oppidum
