2414 3968
134 182 200 247 216
350 182 378 238 C.
397 183 484 237 IULII
502 182 675 238 CAESARIS
693 181 933 237 FRAGMENTA.

45 344 124 375 aaa
216 326 271 380 Cic.
295 326 333 379 ad
351 326 408 380 Aa.
428 326 488 393 XI,
501 328 584 392 23,2
607 329 645 393 (a.
665 326 691 379 d.
716 325 779 378 VII
797 325 840 379 Id.
862 324 999 394 Quinct).
1038 325 1163 397 Ammius

45 387 255 467 'oomquidam
279 397 376 452 Rhodo
403 403 512 451 cunrat
535 397 615 451 VIII
629 397 672 450 Id.
694 396 816 465 Quinct:
842 396 868 450 is
893 398 1053 452 rurrdiabat
1079 397 1163 468 Quin·

60 441 108 493 (⁴⁷)
139 476 197 524 tum
224 470 313 536 filium
340 469 378 522 ad
407 468 548 551 Gaesarem
576 469 732 550 profectum
755 468 804 520 IV
829 467 896 521 Kal.
926 469 1009 535 Inru,
1043 469 1163 524 Philoti-

136 558 210 594 mum
229 540 358 594 thodum
377 540 470 608 pridie
492 556 553 593 enm
576 540 647 593 dum
669 555 786 605 senisse,
807 539 905 592 labere
924 539 964 593 ad
983 556 1026 594 me
1046 540 1162 596 litteras.

135 613 232 681 Ipsum
250 612 387 682 Aqusium
410 611 507 665 audies
513 631 523 676 ;
550 610 597 664 sed
619 610 728 665 tardius
750 610 802 664 iter
823 610 959 676 faciebat:
986 626 1019 666 eo
1037 612 1111 679 feci,
1134 617 1165 666 ut

137 684 259 738 celeriter
281 683 358 736 eunti
380 682 481 736 darem.
522 681 595 751 Quid
612 682 648 735 sit
666 683 697 734 iu
715 681 752 736 iis
770 681 880 747 litteris,
898 681 1007 749 nescio,
1024 683 1078 737 sed
1097 683 1164 738 mai

137 755 217 810 calm
238 753 357 822 Quintus
379 754 467 819 frater
488 754 660 822 aratulatur:
682 752 804 821 equidem
826 753 858 805 in
875 769 933 806 meo
951 759 1033 808 tanto
1049 761 1163 823 pecode

138 826 211 880 nulii
228 842 263 879 ue
280 825 443 895 cecitatione
461 824 569 893 quidem
587 824 695 892 asceam
708 839 829 892 possum,
847 824 921 892 quod
934 825 1006 878 melei
1018 826 1164 880 tolerabile

136 897 225 966 possit
242 912 304 950 esse.
323 926 359 935 -
377 896 415 949 ad
433 895 490 950 An.
510 895 566 961 XI,
579 898 657 961 24‚4
676 898 714 963 (a.
734 896 759 949 d.
780 894 861 948 VIII
873 895 918 948 Id.
934 893 1033 963 Stat).
1066 897 1163 952 Philo-

139 968 224 1023 timus
241 983 298 1021 uon
316 967 394 1021 modo
412 966 507 1020 nullus
524 967 606 1031 venit,
624 966 671 1020 scd
688 983 722 1020 ue
737 983 789 1034 per
802 966 907 1020 litterae
920 967 1034 1034 quidem
1049 976 1105 1024 aut
1113 986 1164 1038 per

137 1039 268 1093 nuntium
291 1039 428 1092 certiorem
451 1038 521 1103 facit
542 1055 597 1103 me,
622 1037 691 1106 quid
708 1039 799 1107 cuerit.
836 1037 947 1105 Epheso
965 1039 1017 1107 qui
1034 1041 1164 1107 veniunt,

136 1110 177 1164 ibi
199 1125 226 1164 se
249 1125 309 1163 eum
331 1109 363 1163 de
385 1109 444 1163 suis
461 1109 650 1164 controversiis
671 1108 703 1160 iu
725 1108 770 1162 ius
793 1108 937 1162 adeuntem
958 1109 1067 1165 oidmse
1090 1128 1163 1165 uun

137 1181 223 1246 tiant,
247 1197 317 1248 quae
340 1180 448 1249 quidem
466 1211 499 1220 -
518 1180 560 1234 ita
577 1180 650 1234 enim
666 1180 725 1234 veri
742 1179 830 1233 simile
847 1185 886 1234 est
904 1211 938 1218 —
957 1179 991 1233 in
1009 1181 1164 1238 adoerdnm

139 1251 266 1306 Caesaris
292 1253 407 1318 fortasse
434 1251 602 1317 reiciuuterr;
629 1251 670 1305 ita
698 1256 748 1304 aut
774 1250 846 1304 nillil
866 1256 936 1319 puto
960 1268 1024 1305 eum
1053 1253 1162 1319 actae,

137 1323 210 1392 quod
224 1328 303 1391 putet
320 1323 358 1376 ad
376 1339 416 1376 mc
435 1323 547 1376 ederim
561 1322 763 1390 perferendum,
781 1328 806 1376 et
823 1337 853 1375 eo
871 1338 912 1376 nee
930 1323 1021 1392 maqis
1040 1340 1101 1380 csse
1119 1325 1163 1380 dc·

137 1400 271 1463 spectum,
289 1400 339 1448 aut
357 1395 438 1448 etiam
455 1394 481 1447 si
499 1393 566 1462 quid
584 1394 676 1458 habet,
694 1393 725 1446 id
743 1393 800 1447 nisi
817 1392 943 1447 omuibus
960 1394 1023 1448 suis
1042 1397 1163 1466 neyotiis

137 1467 289 1532 confectum
306 1465 345 1518 ad
362 1481 404 1519 me
420 1465 520 1531 referre
537 1481 595 1518 uon
613 1470 699 1519 auat.
719 1496 753 1503 —
777 1464 815 1517 ad
833 1463 914 1517 Fam.
934 1463 1023 1531 XIV,
1036 1469 1079 1520 24
1099 1467 1162 1536 (Ye-

138 1537 243 1591 rentiae
266 1553 291 1590 a.
312 1536 338 1589 d.
357 1537 414 1588 ΙΙΙ
431 1536 476 1589 Id.
496 1535 591 1603 Sext).
633 1536 694 1590 Nos
719 1552 805 1604 ueqicc
827 1535 859 1588 de
884 1534 1013 1590 Caesaris
1036 1537 1163 1594 adventu

138 1624 225 1676 neque
243 1607 280 1661 de·
295 1607 404 1673 litteris,
427 1623 496 1675 quas
514 1607 680 1661 Philotimus
697 1607 794 1660 labem
811 1606 922 1672 dicitm,
941 1607 1096 1676 quicquam
1114 1610 1161 1664 ad·

139 1679 193 1731 llere
211 1679 277 1732 certi
294 1678 428 1731 leabemus.
463 1708 496 1716 —
529 1678 567 1730 ad
586 1677 667 1731 Fam.
687 1677 772 1744 XIV,
785 1680 822 1732 23
841 1677 1001 1745 (Terentiae
1016 1680 1099 1748 prid.
1118 1681 1161 1734 Id.

139 1748 235 1815 Seni).
262 1748 402 1801 Redditae.
416 1748 485 1800 milei
501 1749 612 1802 tandem
629 1754 694 1803 sient
712 1766 731 1801 a
749 1748 863 1803 Caesare
882 1747 988 1803 litterae
1006 1752 1081 1806 satis
1099 1752 1161 1807 lae-

139 1819 219 1873 rales.
244 1849 277 1857 -
307 1819 366 1872 Pro
384 1818 481 1888 Liyar.
502 1823 527 1872 7.
565 1819 651 1888 Apied
669 1836 747 1888 quem
764 1820 851 1889 icitur
867 1819 917 1872 lece
935 1819 1018 1874 dico?
1056 1823 1162 1892 Nempe

139 1890 217 1958 apud
235 1906 311 1955 erun,
334 1889 383 1957 qui
401 1906 462 1943 cum
480 1890 639 1957 lucesceret,
661 1897 752 1944 tamen
769 1908 823 1956 me,
845 1896 993 1959 malequam
1011 1893 1101 1962 vidit,
1123 1894 1163 1949 rei

135 1959 480 2100 tllwllllffl
497 1962 595 2086 “dili
611 1962 782 2088 affligo
801 1961 1161 2092 ‘ttllld’lt‘td

138 2119 248 2172 sperare
271 2109 296 2157 et
320 2104 388 2157 bono
411 2119 466 2158 esse
488 2104 595 2170 animo,
622 2105 695 2173 quod
716 2105 772 2158 scio
795 2109 819 2158 te
841 2119 899 2156 non
916 2103 1027 2169 frustra
1045 2108 1161 2163 scrrlrem

138 2175 230 2229 solere.
264 2174 384 2228 Memini
401 2175 474 2228 euim
491 2175 576 2229 isdem
593 2175 754 2241 fenerabis
772 2176 810 2228 ad
828 2191 868 2229 me
886 2180 911 2229 tc
927 2176 1049 2232 scmlmre
1068 2195 1160 2249 meque

139 2247 196 2300 tuis
214 2246 311 2301 litteris
330 2246 394 2300 bene
411 2263 520 2316 sperare
538 2262 595 2300 uon
611 2247 719 2313 frastra
737 2263 790 2300 esse
808 2246 921 2300 iussum.

461 2424 519 2477 AD
538 2423 581 2477 M.
601 2422 833 2478 ANTONIUM.

213 2538 267 2593 Oic.
292 2538 366 2592 Pleil.
390 2539 439 2605 II,
453 2542 515 2593 103.
553 2538 688 2592 Varronis
715 2538 823 2607 qudem
851 2537 1011 2593 Casinatem
1037 2540 1159 2608 feudum

141 2611 203 2679 quis
220 2609 323 2664 uenisse
342 2610 422 2676 dicit,
443 2611 504 2679 quis
522 2610 630 2663 liastam
646 2610 728 2664 istius
745 2609 910 2664 venditionis
928 2608 1015 2678 oidi‘t,
1034 2614 1101 2682 oreis
1117 2629 1158 2670 eo·

140 2698 196 2736 cem
209 2681 356 2750 praeconis
374 2679 502 2735 audivit?
530 2680 642 2735 Misisse
660 2687 684 2735 te
703 2681 773 2735 dicis
791 2681 1005 2749 Aleuandriam,
1025 2684 1078 2752 qui
1096 2701 1158 2740 enu-

139 2759 181 2806 ret
198 2770 217 2805 a
236 2751 366 2818 Caesare;
388 2753 478 2820 ipsum
496 2752 569 2806 enim
587 2758 739 2821 exspectare
756 2768 887 2821 maenum
904 2751 968 2817 fuit.
1010 2753 1084 2822 Quis
1102 2770 1159 2810 vero

141 2823 250 2877 audiuit
267 2839 397 2892 umquam
414 2854 450 2863 —
472 2823 578 2876 nullius
597 2829 687 2877 annm
703 2823 781 2877 salus
800 2839 882 2877 curae
897 2822 1032 2890 pluribus
1050 2826 1111 2892 fuit
1128 2857 1158 2866 -

141 2895 174 2947 de
191 2895 312 2960 fomumis
326 2895 460 2949 Varronis
476 2911 533 2948 rem
550 2894 637 2948 ullam
654 2910 709 2949 esse
726 2891 894 2948 detractam?
923 2892 1019 2962 Quid?
1038 2897 1065 2950 si
1078 2898 1159 2952 etiam

140 2966 250 3103 cerff
267 2966 305 3019 ad
322 2972 347 3020 te
362 2965 471 3032 Caesar,
489 2971 521 3019 ut
538 2965 670 3031 redderes,
688 2965 756 3033 quid
773 2965 841 3019 satis
856 2970 945 3033 potest
957 2965 1018 3020 dici
1032 2967 1066 3022 de
1081 2974 1159 3024 tanta

140 3035 180 3088 im
238 3037 320 3090 entia.
861 3058 865 3069 ’

505 3158 564 3214 AD
583 3159 790 3215 SENATUM.

215 3274 268 3329 Cic.
288 3275 362 3329 Plil.
382 3275 471 3342 XIV,
485 3278 531 3330 23.
569 3274 616 3328 Ad
634 3275 780 3343 teipsum,
803 3274 836 3328 P.
856 3273 971 3341 Seruili,
997 3291 1069 3332 uum
1087 3277 1160 3333 misit

141 3346 215 3400 ullas
237 3346 338 3416 calleyo
361 3347 465 3401 litteras
487 3346 520 3400 de
542 3346 594 3399 illa
619 3346 856 3400 calamitosissima
874 3362 976 3416 puqna
995 3347 1170 3415 Pharsalia·

142 3433 209 3470 num
236 3422 260 3471 te
287 3417 320 3470 de
346 3417 546 3487 supplicatione
567 3417 654 3471 coluit
676 3415 796 3482 referre?
832 3416 960 3482 Profecto
983 3419 1087 3476 noluit.
1124 3419 1162 3475 lt

142 3488 217 3543 misit
231 3493 326 3556 postea
343 3488 376 3542 de
394 3488 578 3554 Alexandria,
596 3488 628 3542 de
647 3488 800 3543 Pharnace.
