2414 3968
117 224 159 287 36
385 222 533 277 BELLUM
550 220 854 276 mumxunmuu.

83 366 258 451 oexceptis
281 368 335 450 iis,
361 367 416 451 qui
439 389 473 431 se
495 366 631 450 pecunia
652 366 864 431 redemerunt
909 365 1000 431 Nam
1023 365 1126 451 palem

115 462 171 528 Hs
196 481 243 528 ux
265 486 338 528 oum
362 462 534 548 Calpurnio
557 463 731 548 paciscitur
753 467 787 527 et
809 485 883 528 oum
906 462 945 539 Q.
965 461 1076 529 Sestio
1099 480 1125 526 u.

24 581 27 588 ’
117 558 210 636 Quod
223 561 251 625 si
264 561 403 624 maxime
416 563 567 625 nocentes
582 564 658 624 sunt
672 559 810 643 multati,
824 563 934 624 tamen
948 560 1126 643 periculum

116 658 200 722 vitae
224 658 377 742 dolorque
400 657 568 721 vulnemm
596 657 748 741 pecuniae
775 656 930 721 remissus
956 655 1125 721 crudeliter

116 758 181 817 tem
205 776 278 818 cum
302 754 436 818 avaritia
458 759 596 819 certasse
619 752 830 838 significabat.

82 868 95 915 1
181 851 265 915 LVI.
297 850 434 934 Aliquot
451 856 525 933 post
543 851 655 914 diebus
674 850 799 932 litteras
818 872 838 913 a
856 848 994 914 Caesare
1013 850 1125 914 missas

116 949 245 1032 accipit,
281 947 397 1031 quibus
430 948 595 1032 cognoscit
628 947 818 1030 Pompeium
846 946 879 1010 in
907 946 977 1011 acie
1005 946 1125 1012 rictum

80 1061 96 1108 2
117 1045 244 1109 amissis
268 1044 369 1127 copiis
391 1043 522 1128 fugisse.
559 1044 630 1120 Qua
652 1065 686 1107 re
709 1043 839 1127 cognita
860 1041 1000 1106 mixtam
1019 1042 1124 1108 doloro

115 1142 314 1225 voluptatem
332 1140 490 1226 capiebat:
514 1142 665 1206 victoriae
684 1141 818 1205 nuntius
840 1139 1002 1204 laetitiam
1025 1140 1124 1224 expri-

116 1237 233 1321 mebat,
256 1240 435 1304 confectum
458 1240 579 1305 bellum
601 1237 765 1303 licentiam
786 1236 982 1318 aimericum
1006 1238 1123 1321 tempo

116 1357 187 1398 rum
206 1336 446 1401 intercludebat.
489 1335 543 1401 Sic
561 1340 630 1401 erat
649 1333 765 1399 dubius
784 1335 891 1419 animi,
914 1338 1029 1399 utrum
1046 1334 1124 1400 nihil

82 1432 245 1497 etimeret
272 1456 312 1497 an
342 1435 450 1497 omnia
480 1433 577 1498 licere
609 1431 728 1496 mallet.
780 1430 907 1496 Sanctis
936 1432 1123 1499 vulneribus

116 1530 248 1593 arcessit
276 1552 399 1613 omnes,
431 1531 487 1614 qui
518 1529 581 1594 sibi
610 1528 762 1612 pecunias
788 1549 943 1611 expensas
975 1529 1123 1613 tulerant,

116 1629 325 1708 acceptasque
344 1648 397 1690 eas
421 1626 511 1689 iubet
533 1626 658 1708 referri,
682 1624 799 1708 quibus
821 1646 937 1708 parum
955 1625 1123 1692 ridebatur

80 1738 98 1784 4
117 1722 307 1805 imposuisse
322 1722 436 1804 oneris,
455 1721 641 1804 ampliorem
660 1721 827 1805 pecuniam
846 1721 994 1804 imperat.
1028 1722 1122 1809 nqui-

116 1822 186 1881 tum
218 1821 325 1881 autem
352 1816 571 1881 Romanorum
603 1819 755 1882 dilectum
785 1817 941 1902 instituit3
976 1841 1061 1904 quos
1087 1844 1122 1886 ex

117 1914 265 1977 omnibus
288 1913 498 1978 conventibus
522 1915 718 1999 coloniisque
742 1915 940 1999 conscriptos
969 1920 1121 1983 transma

116 2011 187 2093 rina
213 2009 330 2073 militia
362 2012 549 2093 perterritos
579 2013 619 2076 ad
651 2013 841 2077 sacramenti
869 2013 1121 2098 redemptionem

115 2107 258 2171 vocabat.
303 2106 458 2192 Magnum
480 2108 542 2173 hoc
560 2109 623 2172 fuit
640 2108 787 2192 vectigal,
809 2108 913 2172 maius
931 2112 1044 2175 tamen
1062 2134 1120 2177 cre

81 2206 191 2269 tabat
222 2205 339 2270 odium.
389 2205 450 2269 His
488 2208 583 2270 rebus
617 2204 772 2270 confectis
808 2208 914 2269 totum
945 2210 1121 2274 exercitum

114 2303 244 2388 lustrat,
275 2302 432 2386 legiones,
462 2324 540 2386 quas
567 2301 602 2365 in
628 2299 771 2365 Africam
799 2303 952 2367 ducturus
981 2310 1066 2391 erat,
1091 2309 1121 2370 et

81 2399 234 2464 oauxilia
256 2400 360 2463 mittit
383 2399 422 2463 ad
444 2399 622 2463 traiectum.
674 2397 747 2482 Ipse
774 2399 921 2482 classem,
949 2422 1050 2484 quam
1071 2425 1119 2487 pa

115 2497 215 2579 rabat,
238 2500 275 2559 ut
296 2496 482 2578 inspiceret,
508 2494 670 2578 Hispalim
693 2495 814 2559 accedit
836 2496 945 2579 ibique
967 2504 1121 2583 moratur,

114 2598 284 2676 propterea
316 2591 402 2675 quod
434 2591 572 2655 edietum
604 2596 674 2656 tota
705 2592 870 2675 provincia
900 2600 1121 2680 proposuerat,

115 2692 152 2751 ut
179 2689 297 2770 quibus
324 2688 476 2770 pecunias
499 2688 686 2771 imperasset
708 2711 811 2773 neque
834 2690 1063 2778 contulissent,
1088 2715 1120 2758 sc

116 2784 249 2847 adirent.
286 2783 374 2859 Quae
398 2785 540 2849 evocatio
563 2785 767 2850 vehementer
790 2808 900 2851 omnes
922 2788 1079 2855 turbarit.

82 2899 96 2944 1
181 2879 280 2944 LVII.
312 2878 447 2945 Interim
468 2880 504 2944 L.
528 2881 642 2965 Titius,
665 2883 720 2966 qui
743 2905 780 2947 eo
803 2888 947 2968 tempore
970 2886 1121 2952 tribunus

115 2977 255 3040 militum
287 2978 321 3042 in
349 2977 476 3062 legione
502 2979 672 3043 vernacula
698 2980 816 3063 fuerat,
848 2981 976 3046 nuntiat
1004 3006 1077 3050 eam
1103 3007 1122 3048 a

114 3074 241 3158 legione
263 3092 349 3158 xxx,
377 3096 474 3159 quam
497 3074 540 3165 Q.
557 3075 686 3141 Cassius
707 3077 833 3162 legatus
856 3078 1121 3165 simulducebat,

116 3192 188 3234 cum
206 3171 246 3234 ad
264 3172 417 3254 oppidum
439 3171 555 3257 Ilipam
574 3178 678 3237 castra
694 3172 836 3258 haberet,
859 3175 1017 3243 seditione
1035 3180 1122 3246 facta

115 3267 354 3332 centurionibus
382 3269 505 3353 aliquot
532 3270 658 3351 occisis,
689 3271 744 3353 qui
767 3272 860 3356 signa
881 3273 954 3336 tolli
976 3297 1045 3342 non
1067 3300 1120 3363 pa

114 3362 289 3447 tiebantur,
321 3364 503 3430 discessisse
533 3372 566 3431 et
593 3367 633 3430 ad
660 3370 831 3433 secundam
857 3370 1019 3454 legionem
1048 3398 1121 3442 con·

80 3474 95 3520 2
114 3461 267 3544 tendisse,
295 3483 376 3545 quae
399 3463 438 3526 ad
460 3463 578 3528 fretum
602 3463 664 3527 alio
693 3465 806 3531 itinere
830 3466 1014 3536 ducebatur.
1063 3472 1121 3540 Co

115 3557 204 3639 gnita
230 3580 265 3622 re
293 3561 391 3622 noctu
417 3581 489 3623 enm
511 3577 535 3623 v
558 3560 743 3626 cohortibus
772 3565 1122 3637 unetvicesimanorum
