<?xml version="1.0" encoding="UTF-8"?>
<!DOCTYPE html PUBLIC "-//W3C//DTD XHTML 1.0 Transitional//EN"
    "http://www.w3.org/TR/xhtml1/DTD/xhtml1-transitional.dtd">
<html xmlns="http://www.w3.org/1999/xhtml" xml:lang="en" lang="en">
 <head>
  <title>
</title>
<meta http-equiv="Content-Type" content="text/html;charset=utf-8" />
  <meta name='ocr-system' content='tesseract 3.04.00' />
  <meta name='ocr-capabilities' content='ocr_page ocr_carea ocr_par ocr_line ocrx_word'/>
</head>
<body>
  <div class='ocr_page' id='page_1' title='image "./commentariicuma00wlgoog_0197.png"; bbox 0 0 2414 3968; ppageno 0'>
   <div class='ocr_carea' id='block_1_1' title="bbox 133 181 843 246">
    <p class='ocr_par' dir='ltr' id='par_1_1' title="bbox 133 181 843 246">
     <span class='ocr_line' id='line_1_1' title="bbox 133 181 843 246; baseline 0.004 -13"><span class='ocrx_word' id='word_1_1' title='bbox 133 182 196 246; x_wconf 78' lang='grc'>126</span> <span class='ocrx_word' id='word_1_2' title='bbox 427 182 574 239; x_wconf 76' lang='lat' dir='ltr'>BELLUM</span> <span class='ocrx_word' id='word_1_3' title='bbox 592 181 843 238; x_wconf 79' lang='lat' dir='ltr'>HISPANIENSE.</span> 
     </span>
    </p>
   </div>
   <div class='ocr_carea' id='block_1_2' title="bbox 95 326 1159 1001">
    <p class='ocr_par' dir='ltr' id='par_1_2' title="bbox 95 326 1159 608">
     <span class='ocr_line' id='line_1_2' title="bbox 95 326 1159 412; baseline 0.004 -19"><span class='ocrx_word' id='word_1_4' title='bbox 95 345 110 393; x_wconf 80' lang='lat'>7</span> <span class='ocrx_word' id='word_1_5' title='bbox 129 326 201 411; x_wconf 90' lang='lat' dir='ltr'>Hic,</span> <span class='ocrx_word' id='word_1_6' title='bbox 215 331 252 392; x_wconf 91' lang='lat' dir='ltr'>ut</span> <span class='ocrx_word' id='word_1_7' title='bbox 266 327 312 391; x_wconf 86' lang='lat' dir='ltr'>ait</span> <span class='ocrx_word' id='word_1_8' title='bbox 324 327 459 411; x_wconf 79' lang='lat' dir='ltr'>Ennius,</span> <span class='ocrx_word' id='word_1_9' title='bbox 472 350 537 411; x_wconf 92' lang='lat' dir='ltr'>pes</span> <span class='ocrx_word' id='word_1_10' title='bbox 554 328 646 411; x_wconf 90' lang='lat' dir='ltr'>pede</span> <span class='ocrx_word' id='word_1_11' title='bbox 665 328 866 412; x_wconf 91' lang='lat' dir='ltr'>premitur,</span> <span class='ocrx_word' id='word_1_12' title='bbox 881 330 1011 396; x_wconf 88' lang='lat' dir='ltr'>armis</span> <span class='ocrx_word' id='word_1_13' title='bbox 1027 335 1159 396; x_wconf 89' lang='lat' dir='ltr'>terun-</span> 
     </span>
     <span class='ocr_line' id='line_1_3' title="bbox 130 425 1158 515; baseline 0.004 -24"><span class='ocrx_word' id='word_1_14' title='bbox 130 431 193 491; x_wconf 89' lang='lat' dir='ltr'>tur</span> <span class='ocrx_word' id='word_1_15' title='bbox 223 447 337 509; x_wconf 89' lang='lat' dir='ltr'>arma,</span> <span class='ocrx_word' id='word_1_16' title='bbox 365 425 627 510; x_wconf 82' lang='lat' dir='ltr'>adversariosque</span> <span class='ocrx_word' id='word_1_17' title='bbox 654 426 938 491; x_wconf 80' lang='lat' dir='ltr'>vehementissIme</span> <span class='ocrx_word' id='word_1_18' title='bbox 969 434 1158 515; x_wconf 73' lang='lat' dir='ltr'><strong>pugnantes</strong></span> 
     </span>
     <span class='ocr_line' id='line_1_4' title="bbox 129 523 1156 608; baseline 0.004 -20"><span class='ocrx_word' id='word_1_19' title='bbox 129 523 233 589; x_wconf 87' lang='lat' dir='ltr'>nostri</span> <span class='ocrx_word' id='word_1_20' title='bbox 256 544 350 608; x_wconf 89' lang='lat' dir='ltr'>agere</span> <span class='ocrx_word' id='word_1_21' title='bbox 373 528 559 607; x_wconf 73' lang='lat' dir='ltr'>coeperunt,</span> <span class='ocrx_word' id='word_1_22' title='bbox 583 523 700 608; x_wconf 92' lang='lat' dir='ltr'>quibus</span> <span class='ocrx_word' id='word_1_23' title='bbox 723 524 878 607; x_wconf 90' lang='lat' dir='ltr'>oppidum</span> <span class='ocrx_word' id='word_1_24' title='bbox 902 525 974 591; x_wconf 91' lang='lat' dir='ltr'>fuit</span> <span class='ocrx_word' id='word_1_25' title='bbox 999 528 1156 593; x_wconf 89' lang='lat' dir='ltr'>subsidio.</span> 
     </span>
    </p>

    <p class='ocr_par' dir='ltr' id='par_1_3' title="bbox 96 620 1159 810">
     <span class='ocr_line' id='line_1_5' title="bbox 96 620 1156 709; baseline 0.005 -24"><span class='ocrx_word' id='word_1_26' title='bbox 96 620 182 686; x_wconf 80' lang='lat' dir='ltr'>elta</span> <span class='ocrx_word' id='word_1_27' title='bbox 205 621 284 704; x_wconf 92' lang='lat' dir='ltr'>ipsis</span> <span class='ocrx_word' id='word_1_28' title='bbox 306 621 509 686; x_wconf 80' lang='lat' dir='ltr'>Liberalibus</span> <span class='ocrx_word' id='word_1_29' title='bbox 531 622 597 687; x_wconf 93' lang='lat' dir='ltr'>fusi</span> <span class='ocrx_word' id='word_1_30' title='bbox 619 621 787 707; x_wconf 81' lang='lat' dir='ltr'>fugatique</span> <span class='ocrx_word' id='word_1_31' title='bbox 810 643 875 686; x_wconf 92' lang='lat' dir='ltr'>non</span> <span class='ocrx_word' id='word_1_32' title='bbox 902 624 1156 709; x_wconf 82' lang='lat' dir='ltr'>superfuissent,</span> 
     </span>
     <span class='ocr_line' id='line_1_6' title="bbox 131 718 1159 810; baseline 0.003 -26"><span class='ocrx_word' id='word_1_33' title='bbox 131 720 193 784; x_wconf 90' lang='lat' dir='ltr'>nisi</span> <span class='ocrx_word' id='word_1_34' title='bbox 217 718 251 783; x_wconf 93' lang='lat' dir='ltr'>in</span> <span class='ocrx_word' id='word_1_35' title='bbox 273 741 347 784; x_wconf 92' lang='lat' dir='ltr'>eum</span> <span class='ocrx_word' id='word_1_36' title='bbox 369 719 476 784; x_wconf 93' lang='lat' dir='ltr'>locum</span> <span class='ocrx_word' id='word_1_37' title='bbox 500 719 729 804; x_wconf 76' lang='lat' dir='ltr'>confugissent,</span> <span class='ocrx_word' id='word_1_38' title='bbox 752 742 792 783; x_wconf 83' lang='lat' dir='ltr'>ex</span> <span class='ocrx_word' id='word_1_39' title='bbox 815 741 880 802; x_wconf 90' lang='lat' dir='ltr'>quo</span> <span class='ocrx_word' id='word_1_40' title='bbox 905 727 1007 787; x_wconf 89' lang='lat' dir='ltr'>erant</span> <span class='ocrx_word' id='word_1_41' title='bbox 1026 725 1159 810; x_wconf 80' lang='lat' dir='ltr'>egressi</span> 
     </span>
    </p>

    <p class='ocr_par' dir='ltr' id='par_1_4' title="bbox 96 815 1154 1001">
     <span class='ocr_line' id='line_1_7' title="bbox 96 815 1154 900; baseline 0.007 -19"><span class='ocrx_word' id='word_1_42' title='bbox 96 815 170 881; x_wconf 82' lang='lat' dir='ltr'>sln</span> <span class='ocrx_word' id='word_1_43' title='bbox 193 838 257 900; x_wconf 96' lang='lat' dir='ltr'>quo</span> <span class='ocrx_word' id='word_1_44' title='bbox 280 817 403 900; x_wconf 92' lang='lat' dir='ltr'>proelio</span> <span class='ocrx_word' id='word_1_45' title='bbox 427 817 609 882; x_wconf 89' lang='lat' dir='ltr'>ceciderunt</span> <span class='ocrx_word' id='word_1_46' title='bbox 631 816 722 881; x_wconf 91' lang='lat' dir='ltr'>milia</span> <span class='ocrx_word' id='word_1_47' title='bbox 738 815 909 881; x_wconf 91' lang='lat' dir='ltr'>hominum</span> <span class='ocrx_word' id='word_1_48' title='bbox 927 820 1071 887; x_wconf 76' lang='lat' dir='ltr'>circiter</span> <span class='ocrx_word' id='word_1_49' title='bbox 1090 840 1154 886; x_wconf 84' lang='lat' dir='ltr'>m</span> 
     </span>
     <span class='ocr_line' id='line_1_8' title="bbox 131 913 1153 1001; baseline 0.005 -22"><span class='ocrx_word' id='word_1_50' title='bbox 131 919 164 979; x_wconf 92' lang='lat' dir='ltr'>et</span> <span class='ocrx_word' id='word_1_51' title='bbox 187 915 215 978; x_wconf 94' lang='lat' dir='ltr'>si</span> <span class='ocrx_word' id='word_1_52' title='bbox 239 914 316 997; x_wconf 92' lang='lat' dir='ltr'>quid</span> <span class='ocrx_word' id='word_1_53' title='bbox 340 913 491 998; x_wconf 89' lang='lat' dir='ltr'>amplius,</span> <span class='ocrx_word' id='word_1_54' title='bbox 513 919 678 998; x_wconf 89' lang='lat' dir='ltr'>praeterea</span> <span class='ocrx_word' id='word_1_55' title='bbox 700 913 871 998; x_wconf 80' lang='lat' dir='ltr'>Labienus,</span> <span class='ocrx_word' id='word_1_56' title='bbox 893 913 1016 983; x_wconf 86' lang='lat' dir='ltr'>Attius</span> <span class='ocrx_word' id='word_1_57' title='bbox 1043 917 1153 1001; x_wconf 84' lang='lat' dir='ltr'>Varus,</span> 
     </span>
    </p>
   </div>
   <div class='ocr_carea' id='block_1_3' title="bbox 80 1011 1152 1683">
    <p class='ocr_par' dir='ltr' id='par_1_5' title="bbox 80 1011 1152 1683">
     <span class='ocr_line' id='line_1_9' title="bbox 132 1011 1152 1102; baseline 0.004 -26"><span class='ocrx_word' id='word_1_58' title='bbox 132 1011 250 1096; x_wconf 88' lang='lat' dir='ltr'>quibus</span> <span class='ocrx_word' id='word_1_59' title='bbox 287 1012 400 1076; x_wconf 92' lang='lat' dir='ltr'>occisis</span> <span class='ocrx_word' id='word_1_60' title='bbox 437 1012 583 1096; x_wconf 92' lang='lat' dir='ltr'>utrisque</span> <span class='ocrx_word' id='word_1_61' title='bbox 619 1012 717 1077; x_wconf 89' lang='lat' dir='ltr'>funus</span> <span class='ocrx_word' id='word_1_62' title='bbox 749 1015 799 1077; x_wconf 89' lang='lat' dir='ltr'>est</span> <span class='ocrx_word' id='word_1_63' title='bbox 829 1011 972 1099; x_wconf 89' lang='lat' dir='ltr'>factum,</span> <span class='ocrx_word' id='word_1_64' title='bbox 1012 1016 1152 1102; x_wconf 85' lang='lat' dir='ltr'>itemque</span> 
     </span>
     <span class='ocr_line' id='line_1_10' title="bbox 131 1109 1151 1197; baseline 0.004 -23"><span class='ocrx_word' id='word_1_65' title='bbox 131 1109 256 1192; x_wconf 87' lang='lat' dir='ltr'>equites</span> <span class='ocrx_word' id='word_1_66' title='bbox 283 1109 421 1174; x_wconf 89' lang='lat' dir='ltr'>Romani</span> <span class='ocrx_word' id='word_1_67' title='bbox 448 1110 566 1192; x_wconf 87' lang='lat' dir='ltr'>partim</span> <span class='ocrx_word' id='word_1_68' title='bbox 594 1133 634 1175; x_wconf 83' lang='lat' dir='ltr'>ex</span> <span class='ocrx_word' id='word_1_69' title='bbox 661 1110 739 1175; x_wconf 91' lang='lat' dir='ltr'>urbe</span> <span class='ocrx_word' id='word_1_70' title='bbox 767 1109 886 1192; x_wconf 86' lang='lat' dir='ltr'>partim</span> <span class='ocrx_word' id='word_1_71' title='bbox 914 1133 959 1176; x_wconf 85' lang='lat' dir='ltr'>ex</span> <span class='ocrx_word' id='word_1_72' title='bbox 985 1115 1151 1197; x_wconf 86' lang='lat' dir='ltr'>provincia</span> 
     </span>
     <span class='ocr_line' id='line_1_11' title="bbox 80 1206 1151 1277; baseline 0.004 -7"><span class='ocrx_word' id='word_1_73' title='bbox 80 1206 174 1271; x_wconf 90' lang='lat' dir='ltr'>1cad</span> <span class='ocrx_word' id='word_1_74' title='bbox 210 1206 300 1270; x_wconf 91' lang='lat' dir='ltr'>milia</span> <span class='ocrx_word' id='word_1_75' title='bbox 331 1225 378 1270; x_wconf 92' lang='lat'><em>111.</em></span> <span class='ocrx_word' id='word_1_76' title='bbox 429 1206 543 1272; x_wconf 84' lang='lat' dir='ltr'>Nostri</span> <span class='ocrx_word' id='word_1_77' title='bbox 580 1207 751 1272; x_wconf 90' lang='lat' dir='ltr'>desiderati</span> <span class='ocrx_word' id='word_1_78' title='bbox 783 1206 823 1270; x_wconf 88' lang='lat' dir='ltr'>ad</span> <span class='ocrx_word' id='word_1_79' title='bbox 854 1206 1036 1276; x_wconf 91' lang='lat' dir='ltr'>hominum</span> <span class='ocrx_word' id='word_1_80' title='bbox 1071 1211 1151 1277; x_wconf 87' lang='lat' dir='ltr'>mille</span> 
     </span>
     <span class='ocr_line' id='line_1_12' title="bbox 80 1304 1149 1389; baseline 0.003 -21"><span class='ocrx_word' id='word_1_81' title='bbox 80 1321 111 1370; x_wconf 93' lang='lat'>11</span> <span class='ocrx_word' id='word_1_82' title='bbox 132 1305 251 1389; x_wconf 87' lang='lat' dir='ltr'>partim</span> <span class='ocrx_word' id='word_1_83' title='bbox 274 1305 420 1389; x_wconf 91' lang='lat' dir='ltr'>equitum</span> <span class='ocrx_word' id='word_1_84' title='bbox 443 1306 561 1388; x_wconf 87' lang='lat' dir='ltr'>partim</span> <span class='ocrx_word' id='word_1_85' title='bbox 588 1305 747 1389; x_wconf 70' lang='lat' dir='ltr'>peditum,</span> <span class='ocrx_word' id='word_1_86' title='bbox 775 1304 875 1369; x_wconf 89' lang='lat' dir='ltr'>saucii</span> <span class='ocrx_word' id='word_1_87' title='bbox 898 1305 941 1369; x_wconf 87' lang='lat' dir='ltr'>ad</span> <span class='ocrx_word' id='word_1_88' title='bbox 965 1305 1009 1371; x_wconf 86' lang='lat' dir='ltr'>D.</span> <span class='ocrx_word' id='word_1_89' title='bbox 1035 1307 1149 1374; x_wconf 83' lang='lat' dir='ltr'>Adver-</span> 
     </span>
     <span class='ocr_line' id='line_1_13' title="bbox 131 1402 1149 1487; baseline 0.007 -21"><span class='ocrx_word' id='word_1_90' title='bbox 131 1404 289 1468; x_wconf 89' lang='lat' dir='ltr'>sariorum</span> <span class='ocrx_word' id='word_1_91' title='bbox 318 1402 443 1486; x_wconf 90' lang='lat' dir='ltr'>aquilae</span> <span class='ocrx_word' id='word_1_92' title='bbox 471 1407 548 1467; x_wconf 90' lang='lat' dir='ltr'>sunt</span> <span class='ocrx_word' id='word_1_93' title='bbox 575 1403 700 1468; x_wconf 89' lang='lat' dir='ltr'>ablatae</span> <span class='ocrx_word' id='word_1_94' title='bbox 727 1420 791 1465; x_wconf 86' lang='lat' dir='ltr'>xm</span> <span class='ocrx_word' id='word_1_95' title='bbox 814 1406 848 1466; x_wconf 91' lang='lat' dir='ltr'>ct</span> <span class='ocrx_word' id='word_1_96' title='bbox 869 1402 969 1487; x_wconf 87' lang='lat' dir='ltr'>signa</span> <span class='ocrx_word' id='word_1_97' title='bbox 992 1409 1031 1470; x_wconf 89' lang='lat' dir='ltr'>et</span> <span class='ocrx_word' id='word_1_98' title='bbox 1055 1407 1149 1472; x_wconf 87' lang='lat' dir='ltr'>fasces</span> 
     </span>
     <span class='ocr_line' id='line_1_14' title="bbox 138 1498 1050 1584; baseline 0.008 -22"><span class='ocrx_word' id='word_1_99' title='bbox 138 1551 211 1564; x_wconf 90' lang='lat'><strong>....</strong></span> <span class='ocrx_word' id='word_1_100' title='bbox 228 1552 233 1563; x_wconf 95' lang='lat'>.</span> <span class='ocrx_word' id='word_1_101' title='bbox 250 1526 273 1584; x_wconf 84' lang='lat'>.;</span> <span class='ocrx_word' id='word_1_102' title='bbox 299 1504 464 1584; x_wconf 86' lang='lat' dir='ltr'>praetcrea</span> <span class='ocrx_word' id='word_1_103' title='bbox 485 1551 624 1565; x_wconf 90' lang='grc'><strong>.......</strong></span> <span class='ocrx_word' id='word_1_104' title='bbox 668 1498 737 1564; x_wconf 87' lang='lat' dir='ltr'>Hos</span> <span class='ocrx_word' id='word_1_105' title='bbox 760 1498 875 1564; x_wconf 81' lang='lat' dir='ltr'>habult</span> <span class='ocrx_word' id='word_1_106' title='bbox 896 1550 1050 1569; x_wconf 91' lang='grc'><strong>.......</strong></span> 
     </span>
     <span class='ocr_line' id='line_1_15' title="bbox 97 1596 1148 1683; baseline 0.002 -17"><span class='ocrx_word' id='word_1_107' title='bbox 97 1618 110 1666; x_wconf 85' lang='grc'>1</span> <span class='ocrx_word' id='word_1_108' title='bbox 198 1597 332 1663; x_wconf 86' lang='lat' dir='ltr'>XXXII</span> <span class='ocrx_word' id='word_1_109' title='bbox 376 1647 516 1663; x_wconf 91' lang='grc'><strong>.......</strong></span> <span class='ocrx_word' id='word_1_110' title='bbox 547 1621 587 1663; x_wconf 83' lang='lat' dir='ltr'>ex</span> <span class='ocrx_word' id='word_1_111' title='bbox 611 1598 690 1683; x_wconf 89' lang='lat' dir='ltr'>fuga</span> <span class='ocrx_word' id='word_1_112' title='bbox 711 1596 778 1661; x_wconf 86' lang='lat' dir='ltr'>hac</span> <span class='ocrx_word' id='word_1_113' title='bbox 794 1597 851 1680; x_wconf 91' lang='lat' dir='ltr'>qui</span> <span class='ocrx_word' id='word_1_114' title='bbox 874 1598 1041 1681; x_wconf 91' lang='lat' dir='ltr'>oppidum</span> <span class='ocrx_word' id='word_1_115' title='bbox 1065 1601 1148 1667; x_wconf 85' lang='lat' dir='ltr'>Mun·</span> 
     </span>
    </p>
   </div>
   <div class='ocr_carea' id='block_1_4' title="bbox 96 1695 1157 3647">
    <p class='ocr_par' dir='ltr' id='par_1_6' title="bbox 96 1695 1157 3647">
     <span class='ocr_line' id='line_1_16' title="bbox 133 1695 1147 1810; baseline 0.005 -51"><span class='ocrx_word' id='word_1_116' title='bbox 133 1697 205 1759; x_wconf 90' lang='lat' dir='ltr'>dam</span> <span class='ocrx_word' id='word_1_117' title='bbox 242 1696 306 1760; x_wconf 91' lang='lat' dir='ltr'>sibi</span> <span class='ocrx_word' id='word_1_118' title='bbox 337 1696 581 1760; x_wconf 87' lang='lat' dir='ltr'>constituissent</span> <span class='ocrx_word' id='word_1_119' title='bbox 612 1695 819 1779; x_wconf 85' lang='lat' dir='ltr'>praesidium,</span> <span class='ocrx_word' id='word_1_120' title='bbox 853 1697 1032 1782; x_wconf 88' lang='lat' dir='ltr'>nostrique</span> <span class='ocrx_word' id='word_1_121' title='bbox 1067 1721 1147 1810; x_wconf 81' lang='lat' dir='ltr'>coge</span> 
     </span>
     <span class='ocr_line' id='line_1_17' title="bbox 97 1792 1147 1864; baseline 0.006 -5"><span class='ocrx_word' id='word_1_122' title='bbox 97 1812 112 1859; x_wconf 78' lang='lat' dir='ltr'>a</span> <span class='ocrx_word' id='word_1_123' title='bbox 132 1794 212 1857; x_wconf 92' lang='lat' dir='ltr'>bant</span> <span class='ocrx_word' id='word_1_124' title='bbox 198 1797 251 1857; x_wconf 90' lang='lat' dir='ltr'>tur</span> <span class='ocrx_word' id='word_1_125' title='bbox 269 1793 447 1857; x_wconf 89' lang='lat' dir='ltr'>necessario</span> <span class='ocrx_word' id='word_1_126' title='bbox 467 1815 521 1858; x_wconf 90' lang='lat' dir='ltr'>cos</span> <span class='ocrx_word' id='word_1_127' title='bbox 539 1793 786 1858; x_wconf 84' lang='lat' dir='ltr'>circumvallare.</span> <span class='ocrx_word' id='word_1_128' title='bbox 816 1792 869 1856; x_wconf 80' lang='lat' dir='ltr'>Ex</span> <span class='ocrx_word' id='word_1_129' title='bbox 886 1792 1043 1862; x_wconf 90' lang='lat' dir='ltr'>hostium</span> <span class='ocrx_word' id='word_1_130' title='bbox 1059 1798 1147 1864; x_wconf 87' lang='lat' dir='ltr'>armis</span> 
     </span>
     <span class='ocr_line' id='line_1_18' title="bbox 131 1889 1147 2001; baseline 0.009 -47"><span class='ocrx_word' id='word_1_131' title='bbox 131 1894 222 1955; x_wconf 87' lang='lat' dir='ltr'>scuto</span> <span class='ocrx_word' id='word_1_132' title='bbox 247 1894 280 1955; x_wconf 91' lang='lat' dir='ltr'>et</span> <span class='ocrx_word' id='word_1_133' title='bbox 298 1889 368 2000; x_wconf 87' lang='lat' dir='ltr'>pila</span> <span class='ocrx_word' id='word_1_134' title='bbox 390 1912 448 1974; x_wconf 91' lang='lat' dir='ltr'>pro</span> <span class='ocrx_word' id='word_1_135' title='bbox 472 1892 605 2001; x_wconf 86' lang='lat' dir='ltr'>cespite</span> <span class='ocrx_word' id='word_1_136' title='bbox 628 1914 686 2001; x_wconf 86' lang='lat' dir='ltr'>pro</span> <span class='ocrx_word' id='word_1_137' title='bbox 710 1891 795 1955; x_wconf 84' lang='lat' dir='ltr'>vallo</span> <span class='ocrx_word' id='word_1_138' title='bbox 823 1891 981 1957; x_wconf 82' lang='lat' dir='ltr'>cadavera</span> <span class='ocrx_word' id='word_1_139' title='bbox 1007 1896 1147 1962; x_wconf 79' lang='lat' dir='ltr'>conloca</span> 
     </span>
     <span class='ocr_line' id='line_1_19' title="bbox 130 1989 1147 2074; baseline 0.008 -23"><span class='ocrx_word' id='word_1_140' title='bbox 130 1989 210 2052; x_wconf 90' lang='lat' dir='ltr'>bant</span> <span class='ocrx_word' id='word_1_141' title='bbox 196 1993 262 2072; x_wconf 69' lang='lat' dir='ltr'>tur,</span> <span class='ocrx_word' id='word_1_142' title='bbox 294 1989 425 2071; x_wconf 88' lang='lat' dir='ltr'>iusuper</span> <span class='ocrx_word' id='word_1_143' title='bbox 457 1990 634 2053; x_wconf 86' lang='lat' dir='ltr'>occisorum</span> <span class='ocrx_word' id='word_1_144' title='bbox 666 1990 700 2053; x_wconf 92' lang='lat' dir='ltr'>in</span> <span class='ocrx_word' id='word_1_145' title='bbox 728 1989 908 2074; x_wconf 87' lang='lat' dir='ltr'>gladiorum</span> <span class='ocrx_word' id='word_1_146' title='bbox 937 1995 1147 2059; x_wconf 82' lang='lat' dir='ltr'>mucronibus</span> 
     </span>
     <span class='ocr_line' id='line_1_20' title="bbox 130 2085 1147 2170; baseline 0.006 -21"><span class='ocrx_word' id='word_1_147' title='bbox 130 2087 237 2170; x_wconf 88' lang='lat' dir='ltr'>capita</span> <span class='ocrx_word' id='word_1_148' title='bbox 263 2085 431 2151; x_wconf 90' lang='lat' dir='ltr'>hominum</span> <span class='ocrx_word' id='word_1_149' title='bbox 459 2087 605 2152; x_wconf 88' lang='lat' dir='ltr'>ordinata</span> <span class='ocrx_word' id='word_1_150' title='bbox 632 2087 673 2150; x_wconf 88' lang='lat' dir='ltr'>ed</span> <span class='ocrx_word' id='word_1_151' title='bbox 699 2087 853 2170; x_wconf 92' lang='lat' dir='ltr'>oppidum</span> <span class='ocrx_word' id='word_1_152' title='bbox 877 2109 1056 2156; x_wconf 85' lang='lat' dir='ltr'>conversa:</span> <span class='ocrx_word' id='word_1_153' title='bbox 1088 2092 1147 2157; x_wconf 93' lang='lat' dir='ltr'>uni·</span> 
     </span>
     <span class='ocr_line' id='line_1_21' title="bbox 130 2184 1148 2275; baseline 0.006 -27"><span class='ocrx_word' id='word_1_154' title='bbox 130 2206 223 2248; x_wconf 84' lang='lat' dir='ltr'>versa</span> <span class='ocrx_word' id='word_1_155' title='bbox 253 2184 396 2249; x_wconf 92' lang='lat' dir='ltr'>hostium</span> <span class='ocrx_word' id='word_1_156' title='bbox 429 2185 578 2250; x_wconf 89' lang='lat' dir='ltr'>timorem</span> <span class='ocrx_word' id='word_1_157' title='bbox 609 2235 750 2248; x_wconf 90' lang='grc'><strong>.......</strong></span> <span class='ocrx_word' id='word_1_158' title='bbox 781 2184 977 2268; x_wconf 82' lang='lat' dir='ltr'>virtutisque</span> <span class='ocrx_word' id='word_1_159' title='bbox 1011 2189 1148 2275; x_wconf 88' lang='lat' dir='ltr'>insignis</span> 
     </span>
     <span class='ocr_line' id='line_1_22' title="bbox 131 2280 1147 2365; baseline 0.004 -19"><span class='ocrx_word' id='word_1_160' title='bbox 131 2283 297 2365; x_wconf 92' lang='lat' dir='ltr'>proposita</span> <span class='ocrx_word' id='word_1_161' title='bbox 327 2283 473 2347; x_wconf 85' lang='lat' dir='ltr'>viderent</span> <span class='ocrx_word' id='word_1_162' title='bbox 505 2287 537 2346; x_wconf 91' lang='lat' dir='ltr'>et</span> <span class='ocrx_word' id='word_1_163' title='bbox 568 2281 652 2346; x_wconf 83' lang='lat' dir='ltr'>vallo</span> <span class='ocrx_word' id='word_1_164' title='bbox 683 2280 1016 2349; x_wconf 90' lang='lat' dir='ltr'>circumcluderentur</span> <span class='ocrx_word' id='word_1_165' title='bbox 1047 2287 1147 2352; x_wconf 82' lang='lat' dir='ltr'>adver·</span> 
     </span>
     <span class='ocr_line' id='line_1_23' title="bbox 96 2377 1148 2466; baseline 0.001 -22"><span class='ocrx_word' id='word_1_166' title='bbox 96 2398 112 2444; x_wconf 85' lang='lat'><strong>3</strong></span> <span class='ocrx_word' id='word_1_167' title='bbox 131 2380 216 2443; x_wconf 90' lang='lat' dir='ltr'>sarii.</span> <span class='ocrx_word' id='word_1_168' title='bbox 262 2377 313 2443; x_wconf 92' lang='lat' dir='ltr'>Ita</span> <span class='ocrx_word' id='word_1_169' title='bbox 336 2378 421 2444; x_wconf 81' lang='lat' dir='ltr'>Galli</span> <span class='ocrx_word' id='word_1_170' title='bbox 444 2378 581 2466; x_wconf 88' lang='lat' dir='ltr'>tragulis</span> <span class='ocrx_word' id='word_1_171' title='bbox 604 2378 780 2463; x_wconf 91' lang='lat' dir='ltr'>iaculisque</span> <span class='ocrx_word' id='word_1_172' title='bbox 803 2378 973 2464; x_wconf 85' lang='lat' dir='ltr'>oppidum,</span> <span class='ocrx_word' id='word_1_173' title='bbox 1002 2387 1093 2466; x_wconf 77' lang='lat' dir='ltr'>qaod</span> <span class='ocrx_word' id='word_1_174' title='bbox 1116 2405 1148 2449; x_wconf 83' lang='lat' dir='ltr'>cx</span> 
     </span>
     <span class='ocr_line' id='line_1_24' title="bbox 131 2477 1148 2566; baseline 0.007 -26"><span class='ocrx_word' id='word_1_175' title='bbox 131 2477 275 2541; x_wconf 91' lang='lat' dir='ltr'>hostium</span> <span class='ocrx_word' id='word_1_176' title='bbox 299 2477 505 2541; x_wconf 83' lang='lat' dir='ltr'>cadaveribus</span> <span class='ocrx_word' id='word_1_177' title='bbox 529 2480 607 2541; x_wconf 91' lang='lat' dir='ltr'>sunt</span> <span class='ocrx_word' id='word_1_178' title='bbox 628 2477 847 2562; x_wconf 82' lang='lat' dir='ltr'>circumplexi,</span> <span class='ocrx_word' id='word_1_179' title='bbox 870 2500 1069 2566; x_wconf 89' lang='lat' dir='ltr'>oppugnare</span> <span class='ocrx_word' id='word_1_180' title='bbox 1088 2503 1148 2549; x_wconf 86' lang='lat' dir='ltr'>coe</span> 
     </span>
     <span class='ocr_line' id='line_1_25' title="bbox 96 2573 1149 2658; baseline 0.006 -18"><span class='ocrx_word' id='word_1_181' title='bbox 96 2592 113 2640; x_wconf 85' lang='lat'>4</span> <span class='ocrx_word' id='word_1_182' title='bbox 132 2579 256 2658; x_wconf 90' lang='lat' dir='ltr'>perunt.</span> <span class='ocrx_word' id='word_1_183' title='bbox 293 2573 345 2637; x_wconf 84' lang='lat' dir='ltr'>Ex</span> <span class='ocrx_word' id='word_1_184' title='bbox 367 2574 429 2638; x_wconf 90' lang='lat' dir='ltr'>hoc</span> <span class='ocrx_word' id='word_1_185' title='bbox 447 2574 569 2657; x_wconf 90' lang='lat' dir='ltr'>proelio</span> <span class='ocrx_word' id='word_1_186' title='bbox 588 2573 738 2639; x_wconf 88' lang='lat' dir='ltr'>Valerius</span> <span class='ocrx_word' id='word_1_187' title='bbox 758 2575 944 2640; x_wconf 85' lang='lat' dir='ltr'>adulescens</span> <span class='ocrx_word' id='word_1_188' title='bbox 964 2574 1149 2646; x_wconf 74' lang='lat' dir='ltr'>cordubam</span> 
     </span>
     <span class='ocr_line' id='line_1_26' title="bbox 133 2671 1148 2758; baseline 0.007 -22"><span class='ocrx_word' id='word_1_189' title='bbox 133 2694 205 2736; x_wconf 93' lang='lat' dir='ltr'>cum</span> <span class='ocrx_word' id='word_1_190' title='bbox 224 2671 336 2756; x_wconf 88' lang='lat' dir='ltr'>paucis</span> <span class='ocrx_word' id='word_1_191' title='bbox 350 2672 513 2754; x_wconf 82' lang='lat' dir='ltr'>equItibus</span> <span class='ocrx_word' id='word_1_192' title='bbox 527 2672 621 2758; x_wconf 88' lang='lat' dir='ltr'>fugit,</span> <span class='ocrx_word' id='word_1_193' title='bbox 641 2671 712 2737; x_wconf 86' lang='lat' dir='ltr'>Sex.</span> <span class='ocrx_word' id='word_1_194' title='bbox 726 2671 892 2757; x_wconf 88' lang='lat' dir='ltr'>Pompeio,</span> <span class='ocrx_word' id='word_1_195' title='bbox 908 2673 966 2757; x_wconf 92' lang='lat' dir='ltr'>qui</span> <span class='ocrx_word' id='word_1_196' title='bbox 980 2672 1148 2743; x_wconf 85' lang='lat' dir='ltr'>Cordubae</span> 
     </span>
     <span class='ocr_line' id='line_1_27' title="bbox 98 2769 1149 2861; baseline 0.008 -28"><span class='ocrx_word' id='word_1_197' title='bbox 98 2769 257 2852; x_wconf 79' lang='lat' dir='ltr'>cfuisset,</span> <span class='ocrx_word' id='word_1_198' title='bbox 235 2773 348 2832; x_wconf 91' lang='lat' dir='ltr'>trem</span> <span class='ocrx_word' id='word_1_199' title='bbox 372 2772 443 2852; x_wconf 89' lang='lat' dir='ltr'>gest</span> <span class='ocrx_word' id='word_1_200' title='bbox 444 2791 495 2832; x_wconf 90' lang='lat' dir='ltr'>am</span> <span class='ocrx_word' id='word_1_201' title='bbox 519 2771 625 2834; x_wconf 86' lang='lat' dir='ltr'>refert</span> <span class='ocrx_word' id='word_1_202' title='bbox 664 2769 782 2855; x_wconf 80' lang='lat' dir='ltr'>Cognit</span> <span class='ocrx_word' id='word_1_203' title='bbox 783 2792 802 2834; x_wconf 96' lang='lat' dir='ltr'>o</span> <span class='ocrx_word' id='word_1_204' title='bbox 768 2769 882 2834; x_wconf 88' lang='lat' dir='ltr'>thoe</span> <span class='ocrx_word' id='word_1_205' title='bbox 900 2774 1051 2859; x_wconf 90' lang='lat' dir='ltr'>negotio,</span> <span class='ocrx_word' id='word_1_206' title='bbox 1075 2796 1149 2861; x_wconf 90' lang='lat' dir='ltr'>quos</span> 
     </span>
     <span class='ocr_line' id='line_1_28' title="bbox 133 2865 1149 2975; baseline 0.009 -45"><span class='ocrx_word' id='word_1_207' title='bbox 133 2867 257 2975; x_wconf 89' lang='lat' dir='ltr'>equites</span> <span class='ocrx_word' id='word_1_208' title='bbox 290 2887 398 2929; x_wconf 89' lang='lat' dir='ltr'>secum</span> <span class='ocrx_word' id='word_1_209' title='bbox 429 2865 544 2931; x_wconf 79' lang='lat' dir='ltr'>habult</span> <span class='ocrx_word' id='word_1_210' title='bbox 530 2867 675 2951; x_wconf 90' lang='lat' dir='ltr'>t,quod</span> <span class='ocrx_word' id='word_1_211' title='bbox 706 2868 859 2952; x_wconf 90' lang='lat' dir='ltr'>pecuniae</span> <span class='ocrx_word' id='word_1_212' title='bbox 887 2890 1000 2934; x_wconf 89' lang='lat' dir='ltr'>secum</span> <span class='ocrx_word' id='word_1_213' title='bbox 1029 2872 1149 2954; x_wconf 80' lang='lat' dir='ltr'>habuit</span> 
     </span>
     <span class='ocr_line' id='line_1_29' title="bbox 134 2918 1150 3050; baseline 0.009 -23"><span class='ocrx_word' id='word_1_214' title='bbox 134 2964 181 3027; x_wconf 90' lang='lat' dir='ltr'>e&#39;is</span> <span class='ocrx_word' id='word_1_215' title='bbox 209 2962 434 3026; x_wconf 88' lang='lat' dir='ltr'>distribuite</span> <span class='ocrx_word' id='word_1_216' title='bbox 402 2918 630 3047; x_wconf 86' lang='lat' dir='ltr'>etoppidanis</span> <span class='ocrx_word' id='word_1_217' title='bbox 658 2965 741 3030; x_wconf 86' lang='lat' dir='ltr'>dixit</span> <span class='ocrx_word' id='word_1_218' title='bbox 772 2988 806 3030; x_wconf 92' lang='lat' dir='ltr'>se</span> <span class='ocrx_word' id='word_1_219' title='bbox 834 2965 872 3029; x_wconf 91' lang='lat' dir='ltr'>de</span> <span class='ocrx_word' id='word_1_220' title='bbox 902 2989 981 3050; x_wconf 89' lang='lat' dir='ltr'>pace</span> <span class='ocrx_word' id='word_1_221' title='bbox 1013 2972 1058 3036; x_wconf 87' lang='lat' dir='ltr'>ad</span> <span class='ocrx_word' id='word_1_222' title='bbox 1082 2971 1150 3036; x_wconf 73' lang='lat' dir='ltr'>(tae</span> 
     </span>
     <span class='ocr_line' id='line_1_30' title="bbox 133 3060 1151 3147; baseline 0.006 -23"><span class='ocrx_word' id='word_1_223' title='bbox 133 3083 237 3124; x_wconf 90' lang='lat' dir='ltr'>sarem</span> <span class='ocrx_word' id='word_1_224' title='bbox 260 3060 421 3143; x_wconf 90' lang='lat' dir='ltr'>proficisci</span> <span class='ocrx_word' id='word_1_225' title='bbox 443 3065 476 3125; x_wconf 89' lang='lat' dir='ltr'>et</span> <span class='ocrx_word' id='word_1_226' title='bbox 462 3062 639 3126; x_wconf 87' lang='lat' dir='ltr'>tsecunda</span> <span class='ocrx_word' id='word_1_227' title='bbox 656 3061 769 3147; x_wconf 85' lang='lat' dir='ltr'>vigilia</span> <span class='ocrx_word' id='word_1_228' title='bbox 793 3062 832 3125; x_wconf 91' lang='lat' dir='ltr'>ab</span> <span class='ocrx_word' id='word_1_229' title='bbox 852 3063 972 3146; x_wconf 91' lang='lat' dir='ltr'>oppido</span> <span class='ocrx_word' id='word_1_230' title='bbox 993 3066 1151 3134; x_wconf 87' lang='lat' dir='ltr'>discessit.</span> 
     </span>
     <span class='ocr_line' id='line_1_31' title="bbox 99 3158 1152 3251; baseline 0.006 -27"><span class='ocrx_word' id='word_1_231' title='bbox 99 3177 114 3224; x_wconf 83' lang='lat' dir='ltr'>s</span> <span class='ocrx_word' id='word_1_232' title='bbox 134 3158 190 3223; x_wconf 78' lang='lat' dir='ltr'>(ln.</span> <span class='ocrx_word' id='word_1_233' title='bbox 208 3158 381 3242; x_wconf 90' lang='lat' dir='ltr'>Pompeius</span> <span class='ocrx_word' id='word_1_234' title='bbox 405 3183 477 3225; x_wconf 90' lang='lat' dir='ltr'>cum</span> <span class='ocrx_word' id='word_1_235' title='bbox 500 3161 663 3245; x_wconf 81' lang='lat' dir='ltr'>equitibus</span> <span class='ocrx_word' id='word_1_236' title='bbox 686 3159 797 3244; x_wconf 87' lang='lat' dir='ltr'>paucis</span> <span class='ocrx_word' id='word_1_237' title='bbox 816 3159 1052 3248; x_wconf 87' lang='lat' dir='ltr'>nonnullisque</span> <span class='ocrx_word' id='word_1_238' title='bbox 1072 3165 1152 3251; x_wconf 88' lang='lat' dir='ltr'>pedi·</span> 
     </span>
     <span class='ocr_line' id='line_1_32' title="bbox 135 3257 1153 3344; baseline 0.009 -23"><span class='ocrx_word' id='word_1_239' title='bbox 135 3258 223 3321; x_wconf 93' lang='lat' dir='ltr'>tibus</span> <span class='ocrx_word' id='word_1_240' title='bbox 252 3257 292 3320; x_wconf 89' lang='lat' dir='ltr'>ad</span> <span class='ocrx_word' id='word_1_241' title='bbox 319 3259 430 3344; x_wconf 86' lang='lat' dir='ltr'>navale</span> <span class='ocrx_word' id='word_1_242' title='bbox 459 3258 655 3342; x_wconf 88' lang='lat' dir='ltr'>praesidium</span> <span class='ocrx_word' id='word_1_243' title='bbox 682 3259 859 3342; x_wconf 85' lang='lat' dir='ltr'>parandum</span> <span class='ocrx_word' id='word_1_244' title='bbox 888 3257 1058 3330; x_wconf 79' lang='lat' dir='ltr'>Carteiam</span> <span class='ocrx_word' id='word_1_245' title='bbox 1088 3288 1153 3332; x_wconf 93' lang='lat' dir='ltr'>con·</span> 
     </span>
     <span class='ocr_line' id='line_1_33' title="bbox 136 3355 1154 3445; baseline 0.004 -26"><span class='ocrx_word' id='word_1_246' title='bbox 136 3355 249 3437; x_wconf 91' lang='lat' dir='ltr'>tendit,</span> <span class='ocrx_word' id='word_1_247' title='bbox 273 3356 358 3438; x_wconf 91' lang='lat' dir='ltr'>quod</span> <span class='ocrx_word' id='word_1_248' title='bbox 381 3357 534 3439; x_wconf 91' lang='lat' dir='ltr'>oppidum</span> <span class='ocrx_word' id='word_1_249' title='bbox 559 3356 649 3419; x_wconf 89' lang='lat' dir='ltr'>abest</span> <span class='ocrx_word' id='word_1_250' title='bbox 673 3355 859 3420; x_wconf 79' lang='lat' dir='ltr'>allorduba</span> <span class='ocrx_word' id='word_1_251' title='bbox 881 3355 974 3422; x_wconf 92' lang='lat' dir='ltr'>milia</span> <span class='ocrx_word' id='word_1_252' title='bbox 998 3383 1154 3445; x_wconf 76' lang='lat' dir='ltr'>passuum</span> 
     </span>
     <span class='ocr_line' id='line_1_34' title="bbox 103 3451 1155 3545; baseline 0.011 -29"><span class='ocrx_word' id='word_1_253' title='bbox 103 3467 239 3516; x_wconf 69' lang='lat' dir='ltr'>tchx.</span> <span class='ocrx_word' id='word_1_254' title='bbox 299 3451 369 3528; x_wconf 84' lang='lat' dir='ltr'>Quo</span> <span class='ocrx_word' id='word_1_255' title='bbox 410 3476 482 3517; x_wconf 94' lang='lat' dir='ltr'>cum</span> <span class='ocrx_word' id='word_1_256' title='bbox 524 3454 564 3517; x_wconf 94' lang='lat' dir='ltr'>ad</span> <span class='ocrx_word' id='word_1_257' title='bbox 601 3457 749 3517; x_wconf 83' lang='lat' dir='ltr'>octavum</span> <span class='ocrx_word' id='word_1_258' title='bbox 788 3451 965 3519; x_wconf 82' lang='lat' dir='ltr'>miliarium</span> <span class='ocrx_word' id='word_1_259' title='bbox 1003 3463 1155 3545; x_wconf 71' lang='lat' dir='ltr'>venisset</span> 
     </span>
     <span class='ocr_line' id='line_1_35' title="bbox 137 3548 1157 3647; baseline 0.008 -34"><span class='ocrx_word' id='word_1_260' title='bbox 137 3548 173 3614; x_wconf 88' lang='lat' dir='ltr'>P.</span> <span class='ocrx_word' id='word_1_261' title='bbox 207 3548 381 3633; x_wconf 82' lang='lat' dir='ltr'>Caucilius,</span> <span class='ocrx_word' id='word_1_262' title='bbox 418 3552 473 3634; x_wconf 94' lang='lat' dir='ltr'>qui</span> <span class='ocrx_word' id='word_1_263' title='bbox 511 3551 624 3615; x_wconf 88' lang='lat' dir='ltr'>castris</span> <span class='ocrx_word' id='word_1_264' title='bbox 656 3555 750 3615; x_wconf 90' lang='lat' dir='ltr'>antea</span> <span class='ocrx_word' id='word_1_265' title='bbox 780 3550 915 3635; x_wconf 90' lang='lat' dir='ltr'>Pompei</span> <span class='ocrx_word' id='word_1_266' title='bbox 947 3563 1157 3647; x_wconf 81' lang='lat' dir='ltr'>praepositus</span> 
     </span>
    </p>
   </div>
   <div class='ocr_carea' id='block_1_5' title="bbox 0 0 1212 3968">
    <p class='ocr_par' dir='ltr' id='par_1_7' title="bbox 0 0 1212 3968">
     <span class='ocr_line' id='line_1_36' title="bbox 0 0 1212 3968; baseline 0 2"><span class='ocrx_word' id='word_1_267' title='bbox 0 0 1212 3968; x_wconf 95' lang='lat' dir='ltr'> </span> 
     </span>
    </p>
   </div>
  </div>
 </body>
</html>
