2414 3968
389 195 484 252 cnr.
502 196 766 252 xxxi-xxxin.
900 264 903 269 ,
1031 196 1092 260 127

83 345 180 425 esset,
212 343 280 407 eius
312 341 420 406 verbis
452 341 602 406 nuntium
629 341 744 426 mittit,
777 365 850 408 eum
877 342 984 405 minus
1012 341 1095 406 belle

83 439 214 504 habere:
238 443 275 504 ut
297 440 464 504 mitterent
486 439 643 522 lecticam,
666 461 729 523 qua
751 440 785 504 in
806 439 961 524 oppidum
980 438 1116 504 deferri

83 538 195 622 possit.
236 538 423 604 Lecticariis
442 538 551 603 missis
567 535 742 620 Pompeius
761 536 922 602 Carteiam
945 536 1096 602 defertur.
1115 553 1131 600 8

84 635 147 712 Qui
179 634 307 700 illarum
339 635 481 720 partium
511 635 654 699 fautores
687 639 807 719 essent,
838 636 1034 700 conveniunt
1063 636 1097 699 in

83 733 230 817 domum,
257 756 320 818 quo
350 737 420 798 erat
445 732 570 797 delatus
595 733 717 816 -qui
744 732 893 797 arbitrati
915 737 991 797 sunt
1013 732 1096 798 olan·

82 830 191 894 culum
220 831 344 895 venisse
372 868 429 914 —,
461 833 499 893 ut
526 830 565 893 ab
594 851 645 913 eo,
676 852 756 914 quae
783 829 917 914 vellent,
945 830 983 895 de
1011 830 1096 895 bello

82 927 291 1011 requirerent.
342 927 423 992 Cum
455 927 637 1013 frequentia
668 927 882 1011 convenisset,
900 928 953 994 ‚de
984 927 1098 992 lectica

81 1026 257 1110 Pompeius
279 1048 391 1092 eorum
414 1026 448 1090 in
470 1026 567 1090 fidem
591 1024 747 1111 confugit.

149 1123 300 1189 XXXIII.
339 1124 455 1189 Caesar
477 1146 517 1188 ex
539 1122 662 1208 proelio
686 1122 814 1188 Munda
836 1122 1015 1187 munitione
1039 1122 1131 1187 eir-1

83 1222 235 1287 cumdata
252 1222 435 1287 Cordubam
458 1221 554 1287 venit.
591 1220 655 1297 Qui
677 1243 717 1285 ex
736 1221 830 1285 caede
848 1243 885 1285 eo
904 1220 1098 1305 refugerant,

81 1324 215 1403 pontem
239 1324 444 1405 occuparunt.
486 1319 567 1384 (lum
591 1341 628 1383 eo
651 1322 783 1382 ventum
807 1322 901 1401 esset,
923 1317 1132 1382 convitiarer

82 1423 267 1504 coeperunt,
289 1441 348 1484 nos
371 1441 412 1484 ex
434 1417 557 1502 proelio
581 1437 699 1499 paucos
723 1437 903 1500 superesse,
927 1436 990 1499 quo
1008 1414 1097 1500 fuge-

81 1516 213 1580 remus?
267 1514 319 1580 Ita
357 1536 500 1601 pugnare
537 1517 710 1598 coeperunt
746 1513 784 1577 de
821 1517 927 1597 ponte.
982 1512 1098 1577 Caesar
1140 1556 1143 1563 «

82 1613 203 1678 flumen
226 1614 353 1678 traiecit
376 1618 409 1679 et
432 1617 536 1678 castra
558 1612 675 1695 posuit.
721 1609 868 1695 Scapula,
891 1609 994 1693 totius
1017 1610 1097 1675 sedi·
1116 1626 1132 1675 3

81 1711 183 1775 tionis
211 1712 238 1796 [,
267 1711 408 1776 familiae
436 1715 469 1775 et
494 1709 735 1792 libertinorum]
760 1712 876 1792 caput,
908 1730 948 1773 ex
974 1707 1097 1792 proelio

83 1806 267 1872 Cordubam
295 1830 368 1873 eum
395 1810 549 1891 venisset,
575 1805 732 1871 familiam
761 1810 794 1870 et
821 1805 956 1870 libertos
984 1827 1097 1870 convo·

81 1905 177 1989 cavit,
200 1927 314 1988 pyram
336 1906 400 1971 sibi
422 1905 579 1988 extruxit,
606 1927 717 1969 cenam
747 1903 866 1968 adferri
892 1925 989 1986 quam
1017 1904 1098 1987 opti·

82 2024 169 2066 mam
189 2002 369 2087 imperavit,
387 2004 465 2066 item
482 2002 614 2087 optimis
628 2002 870 2067 insternendum
883 2001 1098 2066 vestimentis:

82 2099 253 2183 pecuniam
281 2104 314 2164 et
341 2103 510 2185 argentum
534 2101 568 2163 in
590 2099 771 2182 praesentia
793 2096 934 2162 familiae
958 2098 1097 2162 donavit.

83 2194 158 2278 Ipse
184 2195 223 2259 de
245 2199 390 2279 tempore
413 2199 518 2280 cenat,
545 2197 681 2260 resinam
707 2200 740 2260 et
762 2195 898 2259 nardum
924 2194 1097 2259 identidem
1116 2210 1133 2258 4

83 2293 149 2358 sibi
172 2294 322 2359 infundit.
358 2291 410 2357 Ita
431 2293 607 2358 novissimo
630 2297 774 2375 tempore
798 2313 927 2356 serrum
949 2292 1050 2356 iussit
1066 2296 1099 2356 et

82 2390 247 2475 libertum,
270 2391 325 2475 qui
349 2390 464 2455 fuisset
482 2391 551 2455 eius
569 2389 776 2473 concubinus,
799 2387 935 2453 alterum
954 2410 988 2453 se
1007 2390 1098 2474 iugu-

82 2489 165 2573 lare,
187 2489 325 2567 alterum
348 2511 462 2573 pyram
485 2488 661 2553 incendere.

152 2585 320 2652 XXXIIII.
371 2583 533 2670 Oppidani
564 2588 686 2669 autem,
717 2584 816 2649 simul
848 2583 965 2649 Caesar
995 2588 1133 2648 castrat

84 2690 199 2750 contra
221 2685 261 2749 ad
280 2684 435 2769 oppidum
453 2684 572 2768 posuit,
594 2682 775 2748 discordare
794 2685 978 2765 coeperunt,
997 2703 1099 2766 usque

87 2806 141 2866 eo,
173 2786 211 2846 ut
233 2781 354 2848 clamor
377 2782 410 2845 in
433 2786 539 2847 castra
560 2784 672 2846 nostra
693 2780 992 2864 perveniret†fere
1015 2779 1100 2844 inter

86 2879 296 2945 Caesarianos
324 2884 357 2945 et
381 2880 466 2944 inter
487 2879 710 2964 Pompeianos
755 2878 859 2942 Ilrant
880 2877 934 2942 hic
955 2876 1133 2962 legionesa

85 2979 169 3042 duae
186 3001 225 3042 ex
238 2978 384 3065 perfugis
397 2976 607 3061 conscriptae,
624 2975 743 3060 partim
757 2975 992 3060 oppidanorum
1005 2976 1099 3054 servi,

86 3075 142 3160 qui
176 3079 267 3139 erant
298 3097 317 3138 a
349 3073 380 3139 S.
407 3073 562 3158 Pompeio
595 3074 799 3158 manumissi,
835 3073 891 3158 qui
922 3073 956 3137 in
988 3071 1098 3138 Gaesa-

84 3172 131 3236 ris
163 3171 336 3240 adventum
367 3172 537 3237 dissentire
564 3176 745 3256 coeperunt.
769 3170 891 3256 Legio
918 3188 982 3235 xm
1009 3172 1132 3254 oppi-3

87 3269 166 3333 dum
186 3268 352 3334 defendere
371 3270 486 3354 eoepit,
503 3291 552 3353 ne,
571 3291 644 3334 cum
663 3269 727 3333 iam
746 3269 975 3353 depugnarent,
993 3271 1098 3332 turres

86 3388 128 3431 ex
156 3370 248 3450 parte
275 3370 308 3430 et
333 3388 462 3431 murum
490 3370 691 3451 occuparent.
739 3365 879 3431 Domum
906 3364 1031 3450 legatos
1058 3364 1133 3429 ad4

87 3462 257 3528 Caesarem
271 3464 414 3548 mittunt,
428 3469 465 3529 ut
477 3464 541 3528 sibi
553 3463 697 3550 legiones
707 3463 850 3528 subsidio
859 3463 1100 3528 intromitteret.

85 3560 160 3626 Hoc
187 3582 261 3626 oum
288 3561 578 3626 animadverterent
604 3560 752 3627 homines
774 3561 919 3647 fugitivi,
946 3561 1099 3645 oppidum
