2414 3968
155 194 197 258 66
489 192 637 247 BELLUM
654 190 824 247 AFRICUM.

115 341 242 402 resset.
286 337 332 403 At
354 337 433 402 haec
454 359 520 402 non
543 338 611 422 ipse
634 359 691 420 per
714 358 748 401 se
771 357 892 419 coram,
915 355 990 399 cum
1015 334 1055 399 de
1078 333 1161 398 vallo

151 436 442 518 prospecularetur,
468 435 524 499 sed
546 433 687 498 mirabili
714 432 838 516 peritus
861 431 999 497 scientia
1021 430 1162 497 bellandi

151 531 185 594 in
207 532 367 614 praetorio
395 531 508 596 sedens
531 553 589 615 per
612 528 827 613 speculatores
851 532 884 593 et
909 528 1044 593 nuntios
1067 529 1162 613 impe

115 644 132 694 5
150 628 250 712 rabat,
269 651 349 712 quae
367 629 438 692 fieri
456 628 593 693 volebat.
630 625 917 691 Animadvertebat
934 625 1033 710 enim,
1055 647 1162 710 quam·

152 746 248 808 quam
282 725 410 810 magnis
444 729 551 789 essent
583 724 684 807 copiis
716 723 890 788 adversarii
925 722 1019 807 freti,
1056 726 1162 787 tamen

151 843 244 905 saepe
268 844 287 885 a
309 843 343 886 se
365 821 501 906 fugatis,
528 820 630 904 pulsis
653 820 898 904 perterritisque
921 823 954 884 et
977 840 1163 884 concessam

151 919 251 982 vitam
270 923 303 982 et
325 919 438 1002 ignota
459 922 603 1002 peccata;
626 916 744 1000 quibus
761 916 858 981 rebus
876 937 1057 1000 numquam
1074 920 1165 981 tanta

152 1018 336 1098 suppeteret
367 1036 408 1079 ex
443 1015 588 1097 ipsorum
624 1013 742 1078 inertia
772 1011 1034 1096 conscientiaque
1066 1014 1164 1078 animi

118 1112 305 1177 arietariae
326 1111 452 1194 fiducia,
474 1114 512 1175 ut
530 1113 635 1174 castra
657 1131 716 1174 sua
734 1109 853 1175 adoriri
871 1108 1036 1174 auderent
1070 1108 1162 1175 Prae

153 1212 241 1273 terea
266 1208 368 1292 ipsius
391 1229 508 1272 nomen
530 1209 769 1292 auctoritasque
791 1227 909 1291 magna
930 1226 971 1269 ex
996 1209 1093 1290 parte
1115 1228 1163 1271 ec

119 1323 135 1371 7
153 1327 225 1369 rum
244 1305 401 1370 exercitus
419 1305 584 1369 minuebat
608 1305 780 1370 audaciam.
817 1302 900 1368 Tum
923 1303 1075 1387 egregiae
1097 1325 1163 1368 mn·

153 1403 291 1468 nitiones
311 1406 488 1467 castrorum
512 1405 608 1485 atque
625 1401 704 1467 valli
726 1402 949 1484 fossarumque
972 1398 1115 1465 altitudo
1133 1404 1164 1465 ct

153 1504 244 1564 extra
270 1498 389 1564 vallum
417 1497 486 1562 stili
514 1498 599 1563 caeci
626 1498 807 1563 mirabilem
834 1497 868 1560 in
890 1496 1024 1560 modurn
1048 1499 1163 1563 consiti

152 1597 205 1661 vel
231 1597 300 1662 sine
323 1595 544 1660 defensoribus
567 1595 692 1660 aditum
719 1593 908 1659 adversariis
934 1593 1164 1677 prohibebant:

153 1693 366 1776 scorpionum,
389 1691 623 1775 catapultarum
644 1695 886 1775 ceterorumque
908 1690 1061 1777 telorum,
1084 1715 1165 1778 quaa

154 1789 195 1852 ad
217 1787 448 1852 defendendum
471 1788 576 1853 solent
598 1789 719 1874 parari,
745 1810 896 1874 magnam
918 1789 1048 1872 copiam
1070 1789 1164 1856 habe

119 1903 135 1950 8
154 1886 218 1949 bat.
262 1884 370 1969 Atque
387 1883 466 1948 haec
487 1889 620 1968 propter
637 1887 796 1951 exereitus
817 1886 868 1950 sui
890 1887 1073 1969 praesentis
1089 1910 1165 1972 pau·

155 1983 283 2047 citatem
310 1985 343 2046 et
369 1981 554 2047 tirocinium
580 1986 838 2066 praeparaverat,
864 2002 930 2046 non
955 1980 1107 2049 hostium
1133 1985 1166 2049 vi

155 2084 188 2145 et
209 2082 297 2143 metu
320 2080 499 2142 commotus
525 2079 702 2162 patientem
725 2101 759 2144 se
782 2078 995 2162 timidumque
1016 2077 1166 2146 hostium

120 2194 135 2241 o
155 2176 300 2260 opinioni
322 2175 502 2258 praebebat.
547 2174 661 2260 Neque
685 2176 803 2240 idcirco
826 2175 943 2259 copias,
966 2195 1166 2262 quamquam

155 2277 245 2339 erant
262 2293 381 2356 paucae
400 2272 613 2357 tironumque,
634 2295 700 2337 non
719 2273 873 2337 educebat
890 2272 924 2335 in
942 2271 1056 2358 aciem,
1080 2275 1168 2360 qnod

153 2370 306 2435 victoriae
335 2390 466 2433 suorum
496 2369 671 2454 diffideret,
703 2371 760 2436 sed
788 2369 906 2435 referre
936 2368 1168 2457 arbitrabatur,

155 2467 332 2532 cuiusmodi
359 2466 496 2531 victoria
522 2471 607 2531 esset
633 2466 756 2552 futura3
785 2471 880 2550 turpe
902 2466 988 2531 enim
1011 2466 1080 2533 sibi
1103 2470 1167 2535 exi·

155 2565 305 2629 stimabat
334 2566 384 2627 tot
410 2563 506 2628 rebus
534 2563 634 2648 gestis
658 2564 820 2648 tantisque
842 2562 1036 2628 exercitibus
1062 2565 1168 2631 devio

154 2662 211 2746 tis,
237 2664 287 2726 tot
315 2664 382 2724 tam
410 2659 504 2724 claris
527 2660 672 2726 victoriis
695 2661 810 2746 partis,
840 2660 880 2725 ab
902 2659 1037 2744 reliquis
1063 2663 1169 2747 copiis

155 2758 408 2823 adversariorum
436 2779 568 2821 suorum
595 2779 636 2822 ex
664 2758 743 2843 fuga
770 2758 973 2847 collectisse
996 2765 1170 2827 cruentam

103 2869 137 2918 10
156 2856 305 2939 adeptum
323 2854 501 2919 existimari
519 2855 696 2919 victoriam.
733 2851 846 2938 ltaque
865 2853 1081 2920 constituerat
1100 2857 1169 2942 glo

155 2950 235 3013 riam
258 2950 566 3033 exsultationemque
590 2973 700 3015 eorum
722 2951 804 3034 pati,
833 2951 933 3015 donec
956 2949 1019 3015 sibi
1042 2957 1170 3019 vetera«.

155 3068 268 3110 narum
298 3047 462 3132 legionum
498 3068 572 3130 pars
605 3048 714 3133 aliqua
745 3047 780 3111 in
812 3047 949 3112 secundo
981 3054 1171 3117 commeatu

155 3143 352 3208 occurrisset.

120 3257 134 3305 1
221 3237 354 3303 XXXII.
396 3238 503 3325 Scipio
533 3242 663 3307 interim
690 3241 866 3326 paulisper,
897 3246 936 3307 ut
965 3246 1062 3308 antea
1092 3245 1171 3330 dixi,

155 3337 189 3400 in
212 3357 249 3400 eo
270 3335 342 3400 loco
366 3343 588 3422 commoratus,
614 3342 651 3402 ut
675 3339 766 3423 quasi
789 3338 972 3422 despexisse
995 3337 1171 3408 Gaesarem

42 3453 44 3459 ·
154 3433 329 3517 videretur,
361 3432 516 3515 paulatim
545 3435 669 3498 reducit
696 3457 770 3499 suas
797 3435 905 3518 copias
934 3435 969 3499 in
998 3441 1112 3505 castra
1138 3442 1172 3504 et

156 3530 303 3594 contione
326 3528 479 3592 advocata
496 3530 534 3593 de
556 3534 678 3595 terrore
696 3552 755 3596 suo
774 3531 1060 3617 desperationeque
1079 3554 1171 3603 exer-
