2414 3968
144 201 185 264 72
475 200 622 255 BELLUM
640 199 808 255 AFRICUM.

142 344 278 409 mirifica
296 366 428 429 corpora
447 343 613 409 Gallorum
632 343 943 427 Germanorumque3
962 344 1022 428 qui
1039 346 1160 428 partim

143 442 211 506 eius
234 442 457 506 auctoritatem
480 445 570 505 erant
592 463 633 505 ex
651 439 756 505 Gallia
774 439 885 523 secuti,
908 441 1033 523 partim
1053 442 1159 525 pretio

142 529 491 622 pollicitationibusque
524 536 653 600 adducti
686 536 727 600 ad
763 558 836 600 eum
872 554 907 600 sc
943 535 1159 620 contulerant,

142 635 301 720 nonnulli,
329 635 385 719 qui
412 657 452 699 ex
476 632 624 698 Curionis
652 633 774 717 proelio
803 631 888 716 capti
911 636 1158 719 conservatique

143 754 253 816 parem
280 733 418 817 gratiam
446 731 480 794 in
506 731 569 795 fide
591 730 771 814 praebenda
793 732 955 813 praestaro
978 731 1157 798 voluerant

108 827 268 894 oHorum
296 850 431 913 corpora
457 827 593 892 mirifica
622 828 726 910 specie
759 826 1036 912 amplitudineque
1067 851 1158 895 caesa

143 930 212 992 toto
236 947 348 1009 campo
372 947 408 990 ac
430 928 592 1008 prostrata
614 924 738 990 diverse
762 924 916 988 iacebant.

55 1049 58 1056 ·
108 1038 122 1087 1
208 1020 356 1086 XXXXI.
401 1020 463 1086 His
488 1020 584 1085 rebus
614 1021 713 1106 gestis
737 1018 852 1085 Caesar
878 1024 1011 1104 postero
1039 1021 1094 1086 dic
1120 1044 1162 1086 ex·

143 1118 292 1183 omnibus
314 1117 481 1202 praesidiis
505 1117 653 1182 cohortes
678 1117 790 1181 eduxit
816 1121 913 1201 atque
941 1139 1056 1183 omnes
1083 1139 1156 1183 suas

143 1216 251 1298 copias
273 1216 308 1279 in
331 1236 443 1298 campo
466 1214 629 1279 instruxit.
676 1212 784 1297 Scipio
808 1215 876 1278 suis
898 1213 982 1278 male
1008 1217 1156 1301 acceptis,

143 1312 255 1376 occisis
279 1312 578 1395 convulneratisquc
601 1311 687 1375 intra
710 1333 786 1375 suas
809 1311 972 1376 continere
994 1334 1032 1377 se
1053 1315 1156 1378 muni·

27 1442 37 1466 .
108 1409 247 1473 ationcs
270 1409 383 1493 coepit.
421 1408 536 1473 Caesar
559 1409 717 1473 instructa
740 1409 806 1473 acie
830 1409 1005 1474 secundum
1028 1409 1156 1475 infimas

142 1505 211 1591 iugi
233 1507 355 1570 radices
378 1506 511 1589 propius
534 1505 729 1569 munitiones
752 1504 867 1568 leniter
889 1503 1034 1570 accessit.
1074 1503 1156 1570 Iam·

17 1634 20 1639 ·
143 1625 203 1687 quc
226 1604 333 1668 minus
356 1602 445 1667 mille
468 1623 582 1685 passus
605 1602 645 1665 ab
670 1600 787 1684 oppido
807 1600 912 1685 Uzita,
936 1602 1024 1686 quod
1049 1601 1156 1688 Scipio

142 1701 280 1782 tenebat,
304 1700 436 1762 aberant
457 1698 600 1782 legiones
619 1695 772 1783 Iulianae,
795 1719 868 1763 eum
892 1696 1000 1783 Scipio
1024 1700 1156 1784 venitm,

143 1817 183 1858 ne
206 1795 360 1878 oppidum
389 1795 563 1877 amitteret,
589 1794 673 1858 unde
702 1795 813 1878 aquari
840 1793 1039 1880 reliquisque
1061 1797 1156 1863 rebus

144 1890 303 1956 sublevari
335 1892 403 1955 eius
436 1891 593 1955 exercitus
631 1895 812 1975 consuerat,
848 1892 972 1957 eductis
1004 1894 1156 1959 omnibus

144 1989 244 2071 copiis
260 1988 460 2073 quadruplici
476 1988 542 2052 acie
560 1988 719 2052 instructa
738 2009 778 2052 ex
795 1988 945 2053 instituto
964 2009 1034 2073 suo,
1052 1991 1157 2074 prima

144 2086 285 2169 equestri
308 2085 475 2149 turmatim
498 2085 623 2149 derecta
646 2083 889 2168 elephantisque
911 2085 1041 2150 turritis
1061 2087 1156 2152 inter·

109 2182 258 2265 opositis
283 2183 486 2267 armatisque,
509 2181 672 2266 suppetias
695 2182 742 2246 ire
766 2182 937 2246 contendit.
983 2181 1081 2258 Quod
1102 2184 1157 2248 ubi

144 2277 259 2343 Caesar
291 2279 529 2364 animadvertit,
566 2278 739 2342 arbitratus
778 2277 959 2362 Scipionem
991 2279 1034 2344 ad
1067 2279 1157 2345 dimi·

143 2378 279 2441 candum
306 2380 455 2460 paratum
482 2377 522 2440 ad
549 2398 583 2440 se
611 2380 696 2440 certo
726 2375 832 2440 animo
858 2376 966 2440 venire
981 2426 988 2440 .
1096 2376 1158 2455 Qui

142 2472 176 2536 in
200 2494 237 2536 eo
260 2473 346 2557 loco,
374 2494 437 2557 quo
460 2471 556 2556 paulo
580 2476 653 2538 ante
677 2473 937 2557 commemoravi,
964 2475 1040 2538 ante
1069 2475 1158 2559 oppi-

143 2570 219 2633 dum
243 2569 389 2634 constitit
412 2591 566 2653 suamque
590 2569 692 2633 aciem
709 2569 847 2632 mediam
865 2590 902 2633 eo
922 2569 1043 2653 oppido
1062 2572 1159 2655 texit3

143 2666 291 2731 dextrum
319 2665 550 2749 sinistrumque
579 2688 691 2750 cornu,
717 2666 774 2730 ubi
802 2665 964 2750 elephanti
989 2673 1098 2754 erant,
1125 2671 1159 2734 in

144 2768 316 2845 conspectu
339 2763 463 2846 patenti
487 2762 740 2826 adversariorum
766 2763 942 2827 constituit

109 2877 123 2923 1
209 2857 373 2924 XXXXII.
420 2858 500 2924 Cum
527 2860 592 2923 iam
621 2881 721 2943 prope
754 2858 831 2922 solis
864 2879 1012 2923 occasum
1041 2859 1173 2942 Gaesar-

144 2957 392 3038 exspeotavisset
410 2979 513 3042 neque
532 2979 572 3021 ex
591 2978 627 3021 eo
645 2956 727 3040 loco,
750 2977 813 3040 quo
834 2956 1032 3041 constiterat,
1057 2956 1160 3045 Scipi·

144 3073 237 3114 onem
263 3053 414 3136 progredi
440 3053 574 3137 propius
602 3075 635 3118 se
664 3052 941 3117 animadvertisset
962 3051 1103 3139 locoque
1126 3079 1160 3122 so

142 3149 246 3232 magis
279 3148 459 3234 defendere,
491 3150 519 3213 ai
551 3172 601 3214 res
634 3150 806 3235 coegisset,
843 3170 939 3232 quam
975 3148 1011 3212 in
1043 3172 1165 3238 campo¹

145 3245 322 3309 comminus
342 3247 515 3311 consistere
534 3248 658 3330 audere,
679 3268 745 3311 non
764 3250 813 3310 est
830 3245 900 3309 visa
918 3245 1001 3310 ratio
1022 3251 1160 3333 propius

144 3343 311 3405 accedendi
335 3364 371 3406 eo
396 3343 448 3407 die
469 3344 509 3407 ad
532 3344 694 3428 oppidum,
720 3344 871 3427 quoniam
894 3343 941 3407 ibi
958 3345 1160 3427 praesidium

144 3439 262 3521 grande
279 3437 493 3503 Numidarum
512 3462 581 3503 esse
601 3446 804 3525 cognoverat,
824 3440 998 3525 hostesque
1017 3442 1161 3507 mediam

146 3535 244 3598 aciem
267 3557 358 3599 suam
382 3536 499 3619 oppido
523 3536 640 3600 texisse
664 3540 696 3601 et
719 3537 782 3601 sibi
810 3537 941 3602 difficile
969 3537 1061 3604 factu
1090 3561 1160 3606 esse
