2414 3968
128 191 196 255 212
349 191 377 246 C.
395 191 482 245 IULII
501 190 673 246 CAESARIS
692 189 932 245 FRAGMENTA.

33 346 118 431 wop
204 333 307 388 Cacsar
329 333 395 414 imp.
421 332 548 414 Ciceroni
570 332 636 414 imp.
661 333 710 388 sal.
731 332 784 388 dic.
799 402 805 413 ὗ
821 300 910 413 itectc
941 334 1100 405 auguraris
1124 335 1154 388 de

51 444 96 494 ω)
130 421 177 486 me
195 437 230 445 -
248 405 321 485 bene
340 421 414 458 emm
431 405 486 458 t1b1
505 407 634 474 cogmtus
653 422 715 458 sum
726 435 763 485 .“
777 403 850 457 mlul
868 420 886 457 a
904 420 953 458 me
974 407 1081 488 abesse
1099 406 1153 461 lon-

127 494 191 600 ffius
207 476 387 543 erudel1tate3
407 479 492 544 atque
507 492 559 546 ego
574 493 661 543 quum
676 493 710 529 ex
724 491 786 545 1psa
799 490 829 528 re
847 491 989 556 magnam
1008 494 1096 548 cap1o
1113 495 1155 532 vo

158 550 281 617 piatam,
300 550 363 601 tum
380 563 474 600 meum
491 546 599 601 factum
616 546 731 628 probari
750 547 848 600 abste
866 548 1018 617 triumpho
1039 549 1151 619 gaudio.

128 618 228 687 Neque
247 618 319 671 illud
336 633 381 671 me
400 620 501 685 movet,
520 618 596 687 quod
615 617 644 688 ii,
664 617 713 687 qui
732 633 809 672 amc
824 616 936 671 dimissi
950 623 1031 689 sunt,
1053 619 1154 674 disces·

128 689 198 743 sisse
222 688 366 757 dicuntur,
394 691 427 742 ut
449 688 520 743 mihi
543 707 637 742 rursus
662 689 769 743 bellum
795 687 945 757 inferrent3
976 689 1056 744 nihil
1083 690 1155 745 enim

128 761 203 815 malo
229 777 316 829 quam
343 764 372 814 et
394 776 439 813 me
461 761 518 814 mei
541 759 662 814 similem
685 776 745 814 esse
771 762 800 813 et
822 759 886 814 illos
911 758 965 815 sui.
1006 761 1053 816 Tu
1072 761 1154 817 velim
1194 760 1197 833 t

128 830 199 886 mihi
218 832 255 886 ad
273 831 372 885 urbem
389 835 502 901 praesto
522 831 573 900 sis,
597 835 630 886 ut
647 831 704 885 tuis
723 829 848 885 consiliis
871 833 959 899 atque
980 831 1102 914 opibus,
1126 836 1156 886 ut
1195 836 1197 869 ³

129 902 273 972 consuevi,
302 902 332 955 in
360 901 490 957 omnibus
513 903 596 956 rebus
620 905 692 957 utar.
733 901 884 956 Dolabella
907 905 958 957 tuo
983 903 1062 958 mhil
1088 903 1155 959 scito
1194 920 1197 995 p

128 973 200 1027 mihi
224 991 284 1028 esse
309 973 472 1028 iucundius:
500 974 573 1028 hanc
597 973 668 1028 adeo
692 973 804 1027 habebo
828 971 951 1042 gratiam
975 973 1035 1043 illi3
1066 992 1155 1045 neque

129 1045 205 1099 enim
224 1045 308 1099 aliter
326 1044 419 1098 facere
436 1043 555 1115 poterit:
575 1048 658 1099 tanta
677 1043 737 1098 eius
755 1043 927 1114 humanitas,
945 1043 972 1098 is
992 1063 1106 1118 sensus,
1124 1063 1156 1101 ea

130 1115 161 1169 in
179 1132 224 1171 me
243 1120 286 1171 est
304 1114 508 1171 benevolentia.

204 1241 258 1296 aa.
283 1241 321 1295 ad
343 1241 401 1296 Att.
421 1240 465 1307 X,
480 1243 553 1306 5⁸‚2
576 1243 614 1308 (a.
634 1240 660 1294 d.
685 1240 748 1294 VII
761 1240 805 1294 Id.
824 1238 915 1308 Aps).
957 1240 1067 1297 Caesae
1089 1243 1155 1297 melu

131 1312 249 1383 iamascit
262 1330 314 1381 per
333 1313 446 1379 litteras,
464 1313 537 1381 quod
554 1328 612 1365 aaa
629 1312 756 1377 securim
773 1327 878 1380 seseque
892 1311 924 1364 iu
938 1314 1078 1380 optimam
1087 1331 1154 1383 par·

130 1389 184 1438 tem
202 1384 233 1437 id
250 1385 372 1452 accipere
390 1383 465 1438 dicit.
495 1383 593 1437 Facile
602 1383 707 1451 patiar,
725 1383 798 1451 quad
811 1382 913 1448 scribit,
931 1398 1025 1438 secum
1040 1384 1154 1439 Tullum

130 1461 157 1509 et
174 1455 298 1510 Seruium
317 1461 421 1523 questos
440 1471 503 1520 esse,
521 1455 588 1523 quia
605 1469 662 1508 aon
680 1454 751 1507 idem
769 1454 830 1520 sibi,
849 1453 921 1522 quod
935 1455 1016 1521 atat,
1033 1457 1153 1511 remism-

131 1532 184 1581 set:
210 1526 330 1580 bamimes
348 1525 496 1579 ridiculos!
523 1526 571 1594 qui
595 1541 678 1592 quum
696 1525 768 1592 filios
786 1525 922 1579 misisseut
939 1525 979 1579 ad
999 1525 1051 1581 Oa.
1073 1528 1153 1581 Pom-

126 1597 223 1665 peium
241 1597 503 1662 memmasedeadum,
521 1597 577 1664 ipsi
594 1597 626 1649 ta
643 1602 767 1651 serratum
784 1596 876 1650 ueaire
894 1596 1064 1653 dubitarint.
1103 1597 1153 1654 sa

135 1673 226 1722 tamea
244 1668 395 1735 eaemplum
412 1668 477 1720 misi
494 1668 532 1719 ad
550 1673 574 1721 te
593 1666 719 1721 Caesaris
737 1667 897 1722 litterarum.

203 1789 257 1844 Ot'c.
278 1790 315 1843 ad
333 1790 391 1844 Att.
411 1790 455 1855 X,
469 1789 529 1844 sB.
567 1789 670 1844 Caesar
696 1789 762 1860 imp.
793 1790 843 1845 sal.
872 1789 899 1844 d.
926 1789 1058 1846 Ciceroni
1087 1792 1151 1863 imp.

129 1858 193 1913 Etsi
215 1863 244 1913 te
267 1859 339 1913 nihil
361 1862 480 1928 temere,
507 1859 580 1913 nihil
603 1860 795 1931 imprudenter
816 1861 960 1916 factunm
983 1861 1152 1932 iudicaram,

129 1933 228 1984 tamen
249 1933 393 2000 permotus
415 1930 561 1986 hominum
583 1931 661 1986 fama
684 1932 863 1986 scribendum
885 1933 922 1986 ad
940 1936 970 1987 te
990 1933 1152 1989 existimavi

129 2004 160 2055 et
184 2019 236 2071 pro
261 2005 358 2056 nostra
382 2002 579 2058 benevolentia
603 2004 769 2073 petendum,
797 2019 832 2057 ne
858 2021 914 2072 quo
939 2005 1152 2076 progredereris

129 2072 290 2143 proclinata
308 2072 367 2127 iam
384 2090 426 2143 re,
449 2093 505 2143 quo
526 2074 638 2144 integra
657 2073 744 2128 etiam
761 2073 1001 2144 progrediendum
1020 2076 1079 2132 tibi
1096 2094 1152 2132 non

129 2143 334 2200 existimasses:
351 2162 483 2214 namque
506 2149 536 2200 et
559 2145 703 2200 amicitiae
721 2144 878 2215 graviorem
895 2145 1033 2201 iniuriam
1051 2147 1152 2203 feceris

130 2219 159 2270 et
177 2215 233 2270 tibi
251 2215 343 2270 minus
362 2218 506 2272 commode
525 2215 710 2285 consulueris,
730 2216 754 2269 si
771 2235 830 2271 non
846 2216 977 2271 fortunae
997 2219 1150 2274 obsecutus

128 2286 319 2340 videberis-
335 2287 429 2342 omnia
448 2288 522 2342 enim
542 2287 745 2342 secundissima
761 2287 853 2357 nobis,
873 2288 1076 2345 adversissim
1094 2289 1151 2344 illis

131 2357 269 2412 accidisse
287 2358 419 2413 videntur
433 2392 475 2428 -,
493 2376 546 2414 neo
565 2376 680 2413 causam
699 2361 810 2412 secutus
825 2389 859 2398 -
874 2360 975 2414 eadem
993 2361 1073 2416 enim
1091 2365 1151 2416 tum

129 2428 197 2498 fuit,
227 2447 290 2484 cum
313 2430 349 2483 ab
373 2446 470 2484 eorum
491 2429 616 2485 consiliis
641 2431 740 2484 abesse
758 2428 892 2484 iudicasti
911 2463 959 2500 -,
989 2432 1042 2486 sed
1059 2449 1152 2487 meum

130 2499 248 2568 aliquod
265 2500 374 2555 factum
392 2500 633 2571 condemnavisse,
656 2519 712 2570 quo
736 2500 807 2555 mihi
825 2500 938 2572 gravius
957 2503 1010 2557 abs
1030 2506 1062 2558 te
1080 2503 1150 2558 nihil

131 2570 259 2625 accidere
276 2574 384 2640 potest,
408 2572 484 2640 quod
506 2588 542 2626 ne
559 2571 661 2641 facias,
684 2589 734 2642 pro
754 2571 814 2626 iure
832 2575 947 2627 nostrae
966 2573 1116 2630 amicitiae
1134 2591 1152 2628 a

129 2644 160 2696 te
177 2644 252 2712 peto.
290 2642 434 2697 Postremo
453 2642 523 2711 quid
539 2641 599 2697 viro
618 2643 692 2697 bono
712 2647 741 2698 et
759 2642 856 2712 quieto
874 2646 904 2697 et
921 2644 999 2700 bono
1018 2645 1077 2700 civi
1094 2662 1151 2700 ma·

131 2712 175 2783 gis
195 2713 326 2767 convenit
345 2730 430 2782 quam
449 2715 547 2768 abesse
566 2731 583 2768 a
603 2713 732 2768 civilibus
751 2713 967 2771 controversiis?
986 2718 1066 2784 quod
1084 2736 1152 2772 non·

130 2783 203 2837 nulli
222 2802 309 2852 quum
325 2785 488 2854 probarent,
506 2784 625 2855 periculi
644 2801 730 2839 causa
749 2785 829 2855 sequi
846 2803 904 2840 non
921 2789 1094 2855 potuerrmt:
1121 2792 1152 2843 tu

131 2854 277 2924 explorato
302 2860 331 2910 et
349 2855 424 2910 vitae
443 2873 523 2910 meae
541 2855 702 2911 testimonio
722 2860 751 2911 et
770 2855 913 2911 amicitiae
932 2856 1042 2914 iudicio
1061 2875 1152 2929 neque

131 2925 222 2980 tutius
240 2943 331 2996 neque
349 2926 494 2982 honestius
513 2927 634 2998 reperies
653 2927 809 2996 quidquam
826 2945 912 2997 quam
932 2929 969 2983 ab
989 2947 1071 2985 omm
1090 2949 1153 2987 con-

132 2997 260 3053 tentione
278 2998 386 3053 abesse.
423 2998 475 3052 XV
492 2998 555 3054 Kal.
574 2998 666 3053 Maias
686 3015 720 3053 ex
736 2998 846 3054 itinere.

441 3264 501 3318 AD
520 3264 554 3320 L.
576 3264 833 3321 TREBONIUM.

205 3386 279 3440 Caes.
299 3387 335 3441 Β.
356 3387 384 3441 0.
403 3392 423 3443 2
427 3429 436 3455 ,
450 3391 495 3455 13,
509 3393 535 3444 3.
574 3389 675 3445 Caesar
690 3406 740 3458 per
759 3391 864 3446 litteras
884 3390 1021 3446 Trebonio
1039 3410 1154 3466 araque·

128 3473 195 3524 pere
213 3458 406 3525 maudaverat,
427 3475 461 3513 ae
480 3477 532 3529 per
549 3462 604 3514 aim
622 3461 753 3530 oppidum
772 3463 928 3533 capuanam
942 3469 1098 3533 pateretur,
1120 3482 1155 3520 ae

130 3528 244 3596 precius
258 3529 376 3597 pemaota'
393 3531 492 3585 milites
510 3538 534 3587 et
552 3533 710 3599 desertionis
728 3534 792 3587 odio
810 3539 836 3589 et
848 3534 1046 3602 contemptione
1064 3537 1112 3592 sui
1128 3542 1155 3592 et

130 3599 242 3656 diutius
261 3600 351 3655 labare
369 3615 460 3656 omues
473 3604 588 3671 puberes
606 3604 793 3671 imteaptceremt.
