2414 3968
115 202 159 266 64
451 198 599 254 BELLUM
619 198 789 254 nucleum

115 367 173 410 sua
204 345 270 410 acie
300 344 462 428 lapidibus
494 344 603 408 missis
635 364 690 408 eos
720 345 943 408 converterent
975 341 1124 406 adversus

80 441 249 507 ahostem.
291 440 385 519 Quod
407 462 501 526 aegre
525 440 678 524 tardeque
701 440 812 525 fiebat3
837 439 933 504 rudes
956 437 1046 502 enim
1069 436 1123 503 ele

116 538 229 622 phanti
265 539 442 604 multorum
475 559 631 602 annorum
664 537 810 602 doctrina
840 555 966 620 usuque
999 538 1124 599 vetusto

116 636 171 700 vix
197 637 302 701 edocti
328 642 437 701 tamen
465 634 627 700 communi
653 633 797 717 periculo
824 633 859 699 in
882 632 986 698 aciem
1013 632 1124 716 produ·

115 738 238 798 cuntur.

80 847 95 896 1
179 828 331 895 XXVHI.
368 828 456 893 Dum
473 828 553 893 haec
570 827 609 891 ad
622 827 802 911 Ruspinam
820 826 861 891 ab
879 825 1030 910 utrisque
1043 825 1123 890 duci·

114 925 175 990 bus
190 925 465 1007 administrantur,
485 922 517 987 0.
532 923 699 1010 Vergilius
717 923 906 1008 praetorius,
926 923 984 1007 qui
997 921 1124 1006 Thapsi,

115 1022 233 1106 oppido
260 1021 437 1105 maritimo,
466 1025 624 1105 praeerat,
654 1042 727 1086 cum
760 1020 902 1085 animum
935 1019 1124 1085 advertisset

115 1140 212 1182 naves
235 1118 380 1203 singulas
398 1140 472 1182 cum
490 1118 634 1183 exercitu
653 1117 797 1183 Caesaris
820 1118 960 1182 incertas
982 1115 1123 1182 locorum

116 1219 212 1299 atque
243 1221 422 1281 castrorum
453 1236 586 1279 suorum
618 1215 746 1300 vagari,
782 1214 983 1279 occasionem
1015 1218 1123 1280 nectus

115 1334 242 1396 navem,
266 1334 362 1397 quam
385 1312 430 1376 ibi
453 1310 582 1395 habuit,
606 1312 781 1376 actuariam
804 1310 945 1395 complet
967 1311 1123 1376 militibus

116 1413 148 1474 et
170 1410 346 1494 sagittariis
371 1414 403 1474 et
426 1408 529 1475 eidem
552 1408 689 1492 scaphas
708 1409 746 1472 de
768 1407 905 1472 navibus
923 1407 1076 1494 adiungit
1091 1428 1124 1471 ac

81 1524 97 1573 a
116 1507 260 1592 singulas
282 1530 379 1572 naves
399 1506 604 1571 Caesarianas
628 1505 804 1571 consectari
827 1504 941 1588 coepit.
985 1504 1124 1571 Etcum

115 1605 223 1688 plures
251 1604 383 1669 adortus
410 1607 494 1669 esset
516 1603 629 1686 pulsus
652 1603 848 1688 fugatusque
871 1602 946 1667 inde
965 1602 1124 1669 discessis

116 1705 166 1765 set
196 1723 254 1765 nec
285 1705 394 1764 tamen
422 1700 590 1765 desisteret
617 1700 807 1784 periclitari,
838 1700 922 1765 forte
952 1701 1069 1766 incidit
1093 1701 1124 1765 in

116 1819 243 1880 navem,
269 1797 304 1861 in
328 1819 391 1881 qua
413 1801 505 1861 erant
528 1797 591 1861 duo
614 1796 706 1880 Titii,
735 1794 874 1879 Hispani
898 1795 1124 1881 adulescentes,

116 1893 240 1956 tribuni
261 1891 398 1977 legionis
421 1910 454 1976 v,
476 1914 613 1976 quorum
635 1897 760 1977 patrem
785 1892 900 1957 Caesar
922 1893 956 1957 in
980 1899 1124 1960 senatum

115 1989 247 2074 legerat,
269 1994 393 2054 etcum
414 1988 467 2053 his
485 1988 520 2053 Τ.
541 1988 698 2074 Salienus,
721 1989 865 2054 centurio
887 1988 1029 2074 legionis
1047 1990 1124 2057 eius·

117 2086 201 2169 dem,
234 2086 290 2169 qui
317 2084 360 2150 M.
383 2084 554 2150 Messalam
586 2087 730 2173 legatum
762 2086 931 2152 obsederat
959 2086 1125 2153 Messanae

116 2183 361 2247 seditiosissime
382 2183 527 2247 oratione
550 2184 635 2267 apud
659 2205 733 2247 eum
756 2203 835 2247 usus
862 2182 1012 2266 idemque
1035 2205 1124 2268 pecu·

115 2279 202 2342 niam
224 2282 257 2342 et
279 2283 466 2344 ornamenta
488 2280 647 2364 triumphi
669 2278 812 2344 Caesaris
835 2279 1002 2345 retinenda
1021 2284 1055 2346 et
1076 2302 1125 2345 cu·

80 2393 97 2441 3
116 2374 283 2440 stodienda
305 2379 433 2439 curarat
456 2379 488 2440 et
512 2376 553 2440 ob
576 2375 635 2439 has
659 2398 770 2440 causas
794 2376 856 2441 sibi
878 2376 1025 2442 timebat.
1064 2375 1126 2441 Hic

115 2476 246 2556 propter
260 2471 489 2536 conscientiam
507 2476 712 2555 peccatorum
726 2494 858 2537 suorum
874 2473 1037 2555 persuasit
1055 2473 1126 2539 adu·

114 2568 322 2651 lescentibus‚
346 2590 386 2632 ne
404 2572 621 2653 repugnarent
639 2591 772 2654 seseque
785 2569 931 2654 Vergilio
955 2570 1125 2636 traderent.

114 2663 228 2750 Itaque
261 2665 389 2729 deducti
421 2686 440 2727 a
471 2662 617 2748 Vergilio
651 2666 691 2729 ad
723 2664 906 2750 Scipionem
939 2668 1126 2733 custodibus

80 2763 226 2827 4trsditi
245 2767 277 2827 et
299 2766 374 2846 post
393 2761 477 2825 diem
500 2765 632 2828 tertium
656 2767 733 2828 sunt
755 2762 924 2827 interfecti.
972 2761 1038 2840 Qui
1056 2784 1126 2829 cum

117 2858 307 2921 ducerentur
334 2858 374 2922 ad
402 2879 525 2942 necem,
556 2862 676 2944 petisse
704 2859 822 2924 dicitur
848 2860 952 2924 maior
980 2859 1088 2927 Titius
1110 2883 1128 2924 a

117 2954 370 3038 centurionibus,
400 2956 448 3019 uti
472 2977 506 3020 se
529 2957 669 3039 priorem
695 2979 791 3041 quam
813 2957 947 3021 fratrem
972 2957 1127 3023 interfice

117 3053 202 3133 rent,
230 3050 326 3133 idque
356 3051 396 3114 ab
427 3052 473 3116 eis
502 3052 596 3118 facile
625 3055 828 3139 impetrasse,
858 3057 955 3138 atque
984 3053 1033 3119 ita
1060 3076 1128 3120 esse

116 3147 311 3211 interfectos.

82 3261 97 3308 1
182 3241 352 3306 XXVHII.
382 3243 519 3311 Turmae
537 3247 666 3311 interim
685 3249 841 3332 equitum,
864 3268 946 3331 quae
964 3268 1024 3330 pro
1042 3247 1128 3313 vallo

117 3342 152 3404 in
174 3339 367 3404 stationibus
391 3363 459 3406 esse
483 3343 629 3409 solebant
652 3345 707 3429 [ab
725 3346 871 3429 utrisque
890 3345 1041 3430 ducibus]
1048 3395 1058 3430 ,
1081 3367 1129 3412 co-

117 3437 195 3500 tidie
225 3436 359 3500 minutis
389 3439 520 3520 proeliis
550 3440 635 3504 inter
662 3462 696 3506 se
724 3440 907 3525 depugnare
937 3461 1003 3503 non
1032 3440 1131 3504 inter·

116 3535 265 3618 mittunt,
288 3555 529 3619 nonnumquam
552 3537 648 3601 etiam
673 3535 824 3602 Germani
845 3535 995 3621 Gallique
1017 3536 1131 3602 Labie·
