2414 3968
118 194 162 257 58
455 191 603 246 BELLUM
620 190 790 246 araldum

118 359 192 402 cum
206 337 270 402 iam
288 336 399 402 hostes
417 335 567 422 languide
585 334 651 400 tela
668 333 937 420 neglegenterque
955 334 1133 420 mitterent,

119 434 225 499 subito
261 434 409 499 immittit
445 433 592 498 cohortes
629 435 815 516 turmasque
851 452 1000 516 suorum3
1037 436 1132 517 atque

117 534 236 613 puncto
259 529 414 613 temporis
436 528 586 593 hostibus
608 527 698 593 nullo
726 527 858 613 negotio
886 549 1002 612 campo
1029 528 1131 613 pulsis

117 630 192 709 post
209 626 386 710 collemque
407 625 537 690 deiectis
556 625 642 690 nacti
660 624 767 690 locum
786 629 883 709 atque
901 625 948 690 ibi
965 625 1131 711 paulisper

116 724 319 808 commorati,
341 723 401 807 ita,
423 723 473 787 nti
496 726 586 786 erant
609 723 772 806 instructi,
794 720 912 787 leniter
933 744 969 788 se
993 723 1036 788 ad
1059 746 1130 790 suas

116 820 275 904 recipiunt
297 820 501 885 munitiones.
542 818 688 903 Itemque
711 817 884 883 adversarii
903 817 990 884 male
1009 821 1130 905 accepti

116 920 187 980 tum
211 915 340 981 demum
364 937 398 980 se
421 914 462 979 ad
485 936 544 981 sua
565 915 724 999 praesidia
746 914 960 980 contulerunt.

82 1032 96 1080 1
182 1010 319 1076 XVIIII.
355 1009 489 1076 Interim
504 1034 541 1076 ea
554 1035 589 1078 re
609 1016 700 1098 gesta
718 1015 751 1077 et
768 1010 891 1095 proelio
910 1011 1076 1098 dirempto
1094 1038 1130 1080 ex

117 1109 306 1175 adversariis
323 1108 492 1195 perfugere
510 1109 691 1192 complures
714 1130 755 1173 ex
777 1107 866 1172 omni
888 1128 1008 1193 genere
1029 1110 1130 1177 homi·

116 1229 203 1291 num,
221 1210 254 1270 et
270 1210 435 1291 praeterea
452 1206 621 1289 intercepti
640 1205 784 1270 hostium
803 1204 987 1289 complures
1006 1209 1129 1292 equites

80 1303 310 1388 apeditesque.
359 1302 413 1367 Ex
444 1304 561 1387 quibus
593 1303 759 1387 cognitum
791 1305 842 1366 est
872 1301 1048 1369 consilium
1077 1305 1129 1371 ho

115 1400 223 1485 stium,
246 1421 301 1465 eos
318 1399 379 1465 hac
396 1403 504 1464 mente
523 1403 556 1464 et
574 1402 691 1464 conatu
709 1399 844 1484 venisse,
866 1404 905 1464 ut
926 1421 1014 1466 noro
1035 1406 1129 1488 atque

115 1497 269 1562 inusitato
304 1518 420 1583 genere
455 1495 571 1581 proelii
607 1496 729 1560 tirones
765 1494 935 1581 legionarii
970 1500 1129 1585 paucique

114 1594 293 1679 perturbati
321 1593 469 1658 Curionis
499 1592 645 1676 exemplo
673 1592 713 1657 ab
741 1593 887 1676 equitatu
918 1593 1129 1663 circumventi

79 1692 385 1775 supprimerentur,
414 1693 447 1754 et
468 1690 515 1754 its
536 1689 713 1754 Labienum
736 1689 856 1755 dixisse
882 1712 942 1775 pro
969 1693 1129 1779 contione,

115 1791 239 1851 tantam
258 1809 291 1852 se
309 1785 550 1851 multitudinem
569 1786 761 1850 auxiliorum
778 1784 969 1850 adversariis
983 1785 1128 1854 Caesaris

116 1884 448 1967 subministraturum,
475 1887 513 1948 ut
540 1883 637 1947 etiam
661 1882 819 1947 caedendo
843 1883 877 1946 in
899 1883 971 1965 ipsa
993 1885 1129 1951 victoria

117 1980 284 2065 defatigati
300 1981 503 2045 vincerentur
522 1984 617 2064 atque
636 2002 655 2043 a
673 1981 739 2045 suis
758 1983 995 2064 superarentur,
1010 1983 1128 2068 quippe

116 2077 172 2160 qui
194 2076 229 2139 in
251 2075 381 2140 illorum
403 2097 530 2141 nummo
557 2076 620 2141 sibi
648 2076 834 2160 confideret,
860 2076 1019 2163 primum,
1045 2079 1128 2165 quod

115 2173 259 2238 audierat
276 2172 398 2237 Romae
420 2173 564 2258 legiones
587 2178 754 2238 veteranas
778 2171 947 2237 dissentire
970 2196 1078 2260 neque
1096 2177 1127 2240 in

114 2269 258 2335 Africam
275 2269 358 2334 velle
378 2271 527 2356 transne3
551 2270 675 2354 deinde,
699 2268 785 2353 quod
806 2269 945 2333 triennio
964 2269 1000 2334 in
1018 2270 1128 2338 Africa
1163 2342 1166 2349 ,

113 2390 189 2434 suos
212 2367 331 2432 milites
350 2371 492 2433 retentos
512 2365 742 2433 consuetudine
760 2365 871 2430 fideles
890 2365 953 2430 sibi
971 2367 1039 2432 iam
1057 2370 1128 2434 effe

113 2466 220 2549 cisset,
237 2464 378 2528 maxima
397 2468 504 2528 autem
524 2463 644 2527 auxilia
661 2462 795 2527 haberet
807 2461 1025 2529 Numidarum
1042 2468 1128 2551 equi-

112 2567 184 2628 tum
205 2562 349 2645 levisque
373 2564 561 2645 armaturae,
584 2563 749 2643 praeterea
773 2582 814 2624 ex
835 2559 914 2645 fuga
939 2561 1127 2648 proelioque

112 2658 308 2742 Pompeiano
322 2656 482 2720 Labienus
498 2678 578 2740 quos
598 2678 707 2721 secum
725 2679 744 2720 a
756 2656 917 2722 Buthroto
931 2661 1127 2745 transporta

112 2759 204 2820 verat
219 2755 343 2839 equites
359 2751 535 2818 Germanos
552 2751 724 2837 Gallosque
742 2773 878 2837 quosque
895 2753 941 2817 ibi
956 2759 1074 2839 postea
1089 2779 1127 2822 ex

113 2851 264 2936 hibridis,
294 2850 454 2915 libertinis
481 2851 645 2934 servisque
672 2850 917 2934 conscripserat,
948 2857 1128 2919 armaverat

114 2969 259 3032 equoque
295 2949 345 3012 uti
379 2947 505 3012 frenato
538 2946 808 3032 condocefeoerat,
842 2951 1008 3031 praeterea
1039 2951 1128 3036 regia

115 3042 243 3126 auxilia,
261 3043 439 3127 elephantis
454 3060 524 3108 cxx
543 3045 730 3128 equitesque
748 3045 1001 3130 innumerabilis,
1014 3047 1127 3112 deinde

114 3139 258 3224 legiones
281 3141 478 3224 conscriptas
501 3163 541 3205 ex
564 3140 806 3224 cuiusquemodi
833 3141 959 3226 generis
989 3143 1127 3228 amplius

79 3254 96 3299 4
114 3254 165 3300 xn
182 3236 322 3300 milibus.
358 3235 428 3302 Hac
447 3260 503 3321 spe
527 3241 622 3321 atque
643 3236 761 3300 fiducia
779 3237 997 3303 inflammatus
1015 3238 1127 3305 Labie·

114 3357 175 3398 nus
208 3355 281 3398 cum
313 3335 475 3417 equitibus
505 3333 606 3399 Gallis
635 3333 866 3418 Germanisque
893 3351 982 3419 unc,
1013 3335 1128 3402 Numi-

115 3429 227 3494 darum
262 3430 330 3495 sine
361 3430 461 3495 frenis
490 3449 553 3494 vm
584 3430 730 3515 milibus,
761 3435 927 3514 praeterea
957 3430 1128 3500 Petreiano

114 3527 233 3592 auxilio
258 3526 401 3592 adhibito
424 3528 586 3612 equitibus
605 3543 688 3612 Moe,
710 3527 855 3611 peditum
874 3550 910 3592 ac
927 3527 1009 3595 levis
1028 3553 1129 3597 arma
