2414 3968
137 197 159 260 4
232 234 234 238 -
407 191 554 247 BELLUM
574 187 877 247 ALEXANDRINUM.

103 359 116 407 1
203 338 246 404 II.
281 338 394 423 Neque
416 359 492 403 vero
515 333 743 400 Alexandrinis
770 334 804 399 in
832 331 980 418 gerendis
1005 329 1153 415 negotiis

138 437 298 504 cunctatio
326 435 394 500 ulla
421 438 477 499 aut
503 455 595 498 mora
618 432 824 498 inferebatur.
868 427 954 494 Nam
977 427 1012 491 in
1035 447 1153 490 omnes

137 539 261 620 partes,
289 556 348 618 per
378 554 457 617 quas
487 531 569 595 fines
595 527 739 614 Aegypti
768 547 967 613 regnumque
997 523 1154 609 pertinet,

136 633 260 718 legatos
293 629 590 714 conquisitoresque
622 627 758 692 dilectus
789 623 930 689 habendi
961 645 1058 688 causa
1090 624 1152 687 mi-

138 733 246 795 serant
257 747 474 813 magnumque
493 746 662 789 numerum
676 725 710 788 in
724 722 878 807 oppidum
891 719 1031 786 telorum
1050 725 1152 804 atque

138 829 372 891 tormentorum
402 825 615 886 convexerant
645 825 678 886 et
707 816 973 885 innumerabilem
1000 816 1152 882 multitu·

103 924 245 988 udinem
281 925 475 987 ormufcrum
511 918 716 982 adduxerant.
760 914 830 982 Nec
861 915 969 979 minus
1000 915 1035 978 in
1068 915 1152 980 urbe

138 1019 296 1084 maximae
323 1038 485 1080 armorum
512 1017 604 1079 erant
630 1015 797 1079 institutae
828 1013 983 1077 officinae.
1030 1010 1152 1077 Servos

138 1120 303 1201 praeterea
325 1114 461 1198 puberes
485 1115 700 1196 armaverant5
724 1110 841 1194 quibus
862 1108 985 1172 domini
1006 1107 1152 1193 locuple·

139 1214 238 1278 tiores
269 1213 391 1277 victum
423 1210 619 1276 cotidianum
651 1206 909 1291 stipendiumque
941 1204 1152 1288 praebebant.

105 1327 125 1375 3·
139 1309 210 1375 Hac
231 1308 438 1374 multitudine
461 1307 619 1391 disposita
640 1303 835 1369 munitiones
858 1305 1054 1367 semotarum
1077 1325 1152 1387 par·

139 1407 222 1471 tium
244 1407 430 1490 tuebantur3
452 1409 619 1471 veteranas
643 1402 791 1467 cohortes
814 1421 930 1464 vacuas
953 1399 987 1463 in
1011 1399 1152 1465 celeber·

139 1504 231 1568 rimis
262 1504 352 1569 urbis
383 1503 463 1567 locis
494 1501 669 1584 habebant,
700 1501 752 1581 ut,
784 1518 984 1581 quacumque
1014 1498 1152 1582 regione

138 1605 345 1687 pugnaretur,
367 1600 503 1685 integris
520 1598 643 1663 viribus
666 1595 707 1659 ad
729 1593 885 1658 auxilium
907 1593 1075 1659 ferendum
1095 1617 1152 1680 op·

104 1699 217 1782 aponi
238 1700 378 1782 possent.
415 1694 573 1760 Omnibus
590 1694 652 1759 riis
671 1696 766 1776 atque
785 1692 964 1777 angiportis
986 1691 1152 1776 triplicem

140 1794 261 1858 vallum
283 1793 483 1858 obduxerant
505 1829 550 1839 -
572 1793 641 1856 erat
659 1793 766 1853 autem
789 1788 945 1872 quadrato
964 1792 1151 1855 exstructus

141 1911 217 1954 saxo
248 1911 352 1974 neque
381 1888 489 1952 minus
517 1905 564 1952 xa
595 1886 692 1971 pedes
721 1885 901 1952 altitudinis
928 1885 1069 1951 habebat
1091 1925 1152 1972 —,

141 2008 285 2072 quaeque
312 1989 420 2070 partes
447 1985 537 2050 urbis
564 1983 732 2049 inferiores
760 1986 864 2066 erant,
893 1982 952 2048 has
980 1984 1151 2051 altissimis

105 2083 284 2150 tturribus
312 2082 466 2146 denorum
496 2080 714 2146 tabulatorum
742 2080 934 2145 munierant.
978 2080 1153 2149 Praeterea

140 2180 219 2245 alias
255 2178 483 2244 ambulatorias
523 2178 659 2244 totidem
690 2176 909 2242 tabulatorum
946 2177 1153 2245 confecerant

140 2277 355 2361 subiectisque
383 2298 436 2341 eas
462 2276 544 2341 rotis
575 2275 707 2340 funibus
736 2275 952 2359 iumentisque
984 2275 1152 2363 [obiectis]

103 2387 104 2390 ’
140 2375 276 2441 derectis
303 2373 431 2460 plateis,
463 2373 498 2438 in
526 2394 760 2458 quamcumque
787 2375 857 2436 erat
882 2371 988 2436 visum
1014 2377 1152 2459 partem,

138 2473 320 2538 merebant.

106 2587 121 2637 1
206 2566 265 2634 ΙΠ.
287 2566 375 2633 Urbs
389 2566 588 2632 fertilissima
601 2569 635 2631 et
649 2566 870 2650 copiosissima
883 2568 1027 2632 omnium
1041 2590 1152 2634 rerum

140 2667 312 2748 apparatus
340 2661 542 2747 suggerebat.
591 2660 660 2746 Ipsi
688 2661 835 2728 homines
864 2663 1025 2749 ingeniosi
1052 2667 1153 2750 atque

140 2759 332 2844 acutissimi,
364 2780 446 2843 quae
476 2780 496 2822 a
523 2758 617 2823 nobis
646 2759 717 2824 fieri
746 2761 906 2845 viderant,
937 2783 976 2826 ea
1005 2760 1153 2828 sollertia

141 2855 350 2941 effingebant,
371 2859 410 2920 ut
427 2855 531 2919 nostri
548 2854 677 2920 illorum
696 2878 792 2941 opera
814 2858 933 2922 imitati
955 2858 1153 2945 viderentur,

140 2958 174 3018 et
202 2974 260 3017 sua
286 2957 401 3036 sponte
428 2951 532 3017 multa
558 2954 759 3037 reperiebant
785 2977 914 3040 unoque
942 2959 1086 3039 tempore
1117 2962 1153 3022 et

140 3053 266 3115 nostras
298 3049 494 3115 munitiones
529 3049 724 3116 infestabant
756 3055 789 3116 et
819 3073 894 3116 suas
927 3052 1151 3121 defendebant.

106 3145 250 3231 amque
276 3145 355 3213 haec
381 3146 542 3230 principes
569 3147 604 3211 in
626 3148 769 3214 consiliis
793 3149 1060 3235 contionibusque
1083 3154 1152 3238 agi-

141 3244 266 3308 tabant:
288 3242 450 3327 Populum
463 3242 645 3310 Romanum
662 3244 819 3329 paulatim
837 3247 1153 3316 inconsuetudinem

106 3360 122 3408 3
141 3342 209 3406 eius
227 3341 321 3426 regni
334 3341 509 3424 occupandi
521 3342 639 3407 venire.
674 3341 793 3406 Paucis
805 3343 896 3407 annis
911 3347 984 3409 ante
1001 3343 1041 3409 A.
1055 3344 1152 3412 Gabi·

141 3439 232 3503 nium
260 3460 333 3503 cum
362 3439 503 3504 exercitu
530 3439 631 3504 fuisse
653 3439 688 3504 in
710 3436 875 3525 Aegypte
901 3439 1092 3526 Pompeium
1116 3467 1153 3510 se

70 3544 72 3549 ⁴
142 3557 182 3601 ex
199 3535 278 3621 fuga
295 3536 407 3616 eodem
424 3536 596 3622 recepisse3
618 3534 785 3601 Gaesarem
798 3536 924 3604 venisse
943 3559 1017 3604 cum
1035 3540 1154 3629 copiis,

81 3664 160 3720 Ι
