2414 3968
433 781 435 787 ¹
476 744 793 818 PRAEFATIO.

220 1031 257 1089 In
279 1029 483 1090 constituendo
507 1031 592 1087 textu
614 1028 905 1103 commentariorum,
931 1028 982 1104 qui
1004 1028 1140 1085 feruntur

133 1120 169 1178 de
192 1119 278 1178 bellis
298 1117 508 1193 Alexandrino,
530 1116 642 1192 Africo,
664 1116 864 1192 Hispaniensi,
887 1116 960 1175 satis
982 1115 1139 1173 habuimus

133 1209 250 1267 eosdem
272 1206 364 1264 libros
386 1204 603 1289 manuscriptos
621 1195 768 1281 adhibere,
792 1203 898 1280 quibus
920 1204 967 1262 usi
990 1223 1089 1262 sumus
1107 1205 1138 1260 in

133 1296 253 1354 edendis
280 1293 499 1354 commentariis
526 1293 561 1350 de
589 1293 667 1351 bello
695 1293 777 1351 civili
804 1292 935 1368 scriptis;
966 1311 1139 1367 persuasum

133 1384 211 1443 enim
237 1382 380 1441 habemus
407 1399 462 1440 nos
490 1381 607 1440 etiamsi
634 1381 760 1439 aliorum
788 1381 922 1439 codicum
949 1381 1010 1439 sive
1039 1399 1138 1455 super-

133 1473 237 1531 stitum
260 1471 321 1529 sive
345 1470 565 1544 deperditorum
586 1469 728 1527 lectiones
753 1469 1010 1546 congessissemus,
1037 1471 1139 1526 tamen

132 1561 208 1618 nihil
230 1559 414 1634 profecturos
436 1557 527 1616 fuisse
555 1558 594 1616 ad
621 1557 730 1616 codicis
757 1557 911 1633 archetypi
933 1559 965 1635 β,
993 1577 1051 1633 quo
1078 1577 1137 1614 uno

132 1647 338 1707 commentarii
357 1645 443 1705 nobis
461 1645 567 1704 edendi
584 1644 690 1703 traditi
708 1648 789 1722 sunt,
812 1645 953 1704 lectiones
972 1646 1138 1704 accuratius

133 1727 360 1813 cognoscendas.¹
409 1733 556 1803 Quoniam
587 1735 688 1791 autem
717 1734 752 1791 de
782 1732 930 1792 codicibus
960 1733 1033 1808 ipsis
1066 1734 1138 1791 satis

133 1824 245 1882 dictum
272 1825 318 1880 est
344 1823 377 1880 in
402 1822 588 1896 praefatione
609 1821 685 1881 tomi
708 1821 827 1880 secundi
849 1821 988 1879 editionis
1010 1826 1161 1895 nostrae„

132 1913 242 1988 restat,
277 1912 313 1968 ut
344 1909 450 1986 quibus
481 1909 619 1968 subsidiis
651 1908 747 1968 adiuti
781 1911 959 1985 apparatum
995 1910 1137 1985 criticum,

134 2019 221 2075 quem
248 1998 362 2075 dicunt,
385 1997 648 2073 composuerim,
672 1997 802 2057 breviter
827 1997 997 2057 indicemus
1039 1998 1137 2072 Atque

132 2090 167 2145 ut
190 2086 341 2147 ordiamur
363 2085 401 2144 ab
424 2104 459 2145 ec
482 2085 702 2162 commentario,
726 2085 777 2162 qui
795 2088 841 2144 est
859 2086 990 2144 debello
1009 2086 1137 2144 Alexan-

133 2174 227 2250 drino,
250 2174 383 2258 codicum
402 2172 422 2232 S
441 2175 472 2232 et
488 2173 528 2230 W
545 2173 734 2234 collationem
755 2174 788 2232 in
810 2177 944 2247 nostrum
965 2193 1052 2233 usum
1071 2194 1138 2232 con·

132 2264 204 2323 fecit
230 2263 375 2321 Henricus
401 2253 583 2338 Rostagnus,
612 2281 701 2338 quam
728 2262 840 2338 publici
866 2263 940 2320 iuris
962 2263 1084 2321 fecimus
1106 2262 1138 2320 in

133 2352 208 2411 actis
239 2349 477 2410 hebdomadariis
506 2350 543 2408 ab
570 2349 741 2410 Andreseno
771 2351 859 2408 editis
886 2342 1139 2430 (Wochenschrift

132 2441 182 2499 fur
212 2438 373 2498 klassische
400 2429 568 2514 Philologie
597 2439 680 2498 1895
708 2438 760 2496 ΝΥ.
780 2430 935 2518 45-47).
980 2438 1139 2494 Praeterea

132 2528 263 2587 codicem
282 2526 301 2585 S
319 2525 405 2585 nobis
419 2525 546 2584 contulit
559 2526 704 2585 liudolfus
716 2525 814 2602 Helm,
833 2525 963 2584 codicem
976 2524 1015 2581 W
1027 2525 1139 2583 Paulus

65 2678 67 2683 Α
133 2614 339 2674 Hildebrandt.
370 2613 532 2688 Utriusque
550 2613 644 2690 igitur
657 2613 726 2672 libri
741 2613 853 2690 egregii
865 2612 951 2671 binas
965 2613 1139 2672 collationes

133 2703 214 2761 nacti
236 2720 336 2762 sumus
362 2722 416 2778 per
437 2701 673 2760 benevolentiam
699 2700 845 2777 fidemque
873 2701 1034 2759 amicorum
1062 2703 1135 2776 opti·

133 2810 255 2849 morum.
298 2790 410 2860 Quibus
434 2807 508 2866 quas
530 2789 643 2867 gratias
666 2789 779 2866 egimus
805 2790 961 2866 privatim,
989 2808 1038 2848 eas
1061 2809 1139 2848 nunc

133 2878 250 2954 publice
266 2879 427 2953 repetimus
445 2879 618 2938 cumulatas.
656 2877 803 2947 Quoniam
821 2880 921 2937 autem
938 2897 999 2936 non
1017 2879 1140 2935 deerant

133 2966 204 3042 loci,
233 2964 338 3040 quibus
365 2966 454 3025 aliter
476 2967 645 3044 Rostagnus
672 2965 793 3042 legisset
815 2968 905 3042 atque
927 2965 1062 3024 Helmius
1086 2969 1139 3023 aut

132 3052 390 3130 Hildebrandtius,
411 3055 466 3114 hos
489 3073 589 3113 omnes
607 3073 675 3113 vere
696 3053 785 3112 huius
805 3055 876 3112 anni
893 3053 1138 3113 Hildebrandtius

133 3143 233 3200 noster
263 3159 330 3200 cum
357 3142 466 3200 iterum
492 3143 661 3201 Florentiae
688 3144 856 3200 versaretur
882 3142 977 3200 denuo
1010 3143 1139 3217 inspexit

79 3263 81 3268 ,
132 3247 244 3305 nosque
264 3228 299 3286 de
317 3229 355 3287 iis
373 3229 512 3289 certiores
529 3231 607 3290 fecit.
645 3228 761 3289 Codicis
774 3229 803 3286 V
815 3229 1006 3288 collationem
1024 3249 1138 3288 summa

116 3335 200 3376 ·oum
241 3317 398 3394 diligentia
433 3319 598 3378 confectam
634 3318 771 3376 debemus
806 3317 938 3377 Antonio
974 3318 1139 3377 Polaschek

132 3395 369 3485 (Jahresbericht
396 3406 446 3465 des
469 3408 497 3465 k.
515 3409 543 3466 k
564 3405 872 3482 (lber-Gymnasiums
898 3407 931 3464 in
958 3404 1137 3466 Gremowitz

81 3562 137 3656 ἱ
