2414 3968
115 223 179 286 104
214 219 361 275 BELLUM
378 217 548 274 lxmam
583 217 1097 275 cAP.Lxxxxv11-Lxxxxvm.

79 385 93 431 1
179 362 402 431 Lxxxxvss.
444 362 559 428 Caesar
581 363 711 429 interim
729 362 845 428 Zamae
869 364 1026 428 auctione
1044 362 1129 448 regia

112 464 198 528 facta
232 463 389 546 bonisque
425 483 536 526 eorum
571 460 726 545 venditis,
767 461 822 545 qui
862 461 953 526 cives
990 459 1128 524 Romani

113 564 225 625 contra
245 558 402 645 populum
421 557 603 623 Romanum
627 579 715 622 arma
736 557 887 642 tulerant,
908 557 1128 642 praemiisque

112 657 329 741 Zamensibus,
348 655 403 741 qui
422 656 461 721 de
478 675 554 740 rege
568 653 765 720 excludendo
781 655 954 720 consilium
968 660 1128 740 ceperant,

111 755 243 820 tributis
270 753 544 838 uectigalibusque
572 751 670 835 regiis
699 752 855 837 inrogatis
888 774 930 816 ax
962 740 1127 838 regnoque

111 853 277 938 provincia
299 852 384 916 facta
406 855 501 934 atque
520 848 566 914 ibi
585 846 618 912 O.
636 846 790 912 Sallustio
813 869 872 932 pro
896 847 1035 913 consule
1058 871 1126 914 oum

113 949 247 1033 imperio
270 946 382 1012 relicto
405 946 474 1030 ipse
496 943 595 1009 Zama
616 966 764 1030 egressus
784 943 915 1010 Uticam
939 967 975 1010 se
1000 947 1125 1030 recepit

77 1045 163 1112 albi
194 1045 288 1110 bonis
318 1043 457 1109 venditis
489 1064 613 1126 eorum,
645 1044 701 1126 qui
732 1042 793 1107 sub
825 1041 906 1108 luba
932 1041 1125 1129 Petreioque

114 1143 241 1208 ordines
261 1142 426 1225 duxerant,
448 1139 655 1223 Thapsitanis
673 1137 730 1203 Hs
748 1157 806 1223 xx,
824 1140 1000 1204 conventui
1019 1162 1125 1205 eorum

112 1238 170 1303 HS
192 1256 278 1322 xxx,
310 1239 451 1322 itemque
483 1235 725 1300 Hadrumetinis
751 1233 808 1300 HS
835 1252 922 1320 xxx,
954 1238 1124 1303 conventui

113 1358 223 1401 corum
241 1333 297 1400 Hs
312 1353 334 1399 L
352 1334 474 1398 multae
492 1334 620 1398 nominc
639 1334 790 1419 imponit,
811 1334 961 1399 ciuitates
978 1335 1124 1421 bonaque

79 1454 224 1500 aeorum
238 1433 278 1498 ab
297 1433 385 1498 omni
403 1431 521 1496 iniuria
537 1430 722 1515 rapinisque
742 1430 891 1495 defendit.
927 1430 1124 1516 Leptitanos,
1166 1498 1168 1503 ,

114 1553 251 1616 quorum
274 1529 492 1614 superioribus
516 1528 607 1616 annis
625 1528 711 1592 bona
727 1525 808 1592 Iuba
826 1527 1016 1614 diripuerat,
1039 1530 1124 1595 etad

112 1633 261 1693 senatum
293 1627 399 1711 questi
429 1647 487 1709 per
517 1624 642 1710 legatos
675 1629 770 1708 atque
802 1624 934 1688 arbitris
967 1647 987 1689 a
1015 1631 1123 1692 senatu

114 1726 196 1789 datis
220 1745 278 1789 sua
300 1725 494 1806 receperant,
518 1739 592 1786 xxx
613 1721 755 1786 centenis
778 1720 910 1786 milibus
932 1723 1045 1806 pondo
1067 1724 1123 1789 olei

113 1823 148 1885 in
171 1841 271 1884 annos
294 1818 439 1904 singulos
461 1817 587 1902 multat,
609 1819 680 1883 ideo
704 1821 791 1904 quod
813 1820 907 1884 initio
929 1841 989 1904 per
1008 1822 1122 1887 dissen-

114 1919 236 1983 sionem
254 1917 437 2000 principum
450 1915 634 1980 sooictatem
650 1937 722 1980 cum
736 1915 818 1981 Iuba
835 1916 976 1982 inierant
989 1940 1123 2004 eumque

79 2035 96 2080 4
114 2017 221 2099 armis,
234 2014 403 2099 militibus,
415 2013 550 2098 pecunia
563 2013 718 2078 iuverant.
745 2013 980 2098 Thysdritanae
993 2021 1124 2102 propter

113 2113 329 2178 humilitatem
352 2111 493 2175 civitatis
515 2113 603 2174 certo
626 2131 759 2175 numero
782 2111 937 2176 frumenti
955 2113 1084 2179 multat

80 2229 94 2276 1
179 2207 419 2275 Lxxxxvffl.
464 2207 526 2272 His
547 2207 644 2271 rebus
668 2208 767 2292 gestis
790 2205 901 2272 Idibus
921 2205 993 2274 Iun.
1012 2208 1124 2276 Uticae

114 2309 247 2374 classem
280 2306 464 2373 conscendit
495 2308 528 2369 et
559 2308 634 2389 post
666 2305 751 2370 diem
780 2305 913 2370 tertium
941 2303 1069 2372 Caralis
1095 2309 1125 2372 in

79 2405 294 2472 aSardiniam
325 2403 479 2490 pervenit.
531 2400 583 2465 Ibi
615 2398 810 2486 Sulcitanos,
841 2401 927 2486 quod
953 2400 1125 2469 Nasidium

114 2505 245 2589 eiusque
272 2502 406 2568 classem
433 2502 617 2584 receperant
645 2498 809 2583 copiisque
836 2498 998 2584 iuverant,
1025 2499 1125 2566 Hso

113 2602 230 2665 multat
253 2605 285 2664 et
305 2620 365 2683 pro
389 2597 531 2663 decumis
554 2600 682 2660 octavas
704 2594 842 2678 pendere
865 2594 956 2659 iubet
978 2596 1126 2682 bonaque

113 2717 287 2781 paucorum
313 2693 424 2758 vendit
447 2695 480 2758 et
507 2695 581 2756 ante
608 2692 692 2756 diem
717 2709 753 2756 1v
775 2691 846 2756 Kal.
870 2690 1006 2768 Quintil.
1030 2716 1127 2759 naves

115 2793 298 2858 conscendit
325 2794 358 2855 at
385 2812 404 2854 a
427 2788 592 2854 Caralibus
615 2788 790 2853 secundum
813 2792 931 2853 terram
953 2796 1127 2874 provectus

115 2888 403 2954 duodetricensimo
431 2887 494 2970 dia,
522 2886 593 2950 ideo
617 2886 704 2970 quod
726 2885 975 2970 tempestatibus
998 2889 1035 2953 in
1058 2912 1127 2975 por·

114 2986 202 3050 tibus
225 2985 442 3069 cohibebatur,
465 2984 505 3048 ad
527 2984 641 3048 urbem
663 2982 800 3048 Romam
823 2983 919 3049 venit.

517 3287 716 3312 ——00--
