2414 3968
142 205 208 268 224
430 205 463 262 A.
482 204 596 261 HlRTlI
613 204 849 260 FRAGMENTA.

50 346 261 417 ⁸²⁰·rapinis,
292 346 443 415 incendiis,
471 347 605 401 caedibus
636 349 844 416 pervertuntur3
875 349 1000 416 tantum,
1029 347 1054 401 si
1087 348 1153 417 quid

47 400 256 507 {fssff‘tinenu
276 421 405 486 caveant,
424 418 496 472 nihil
513 421 660 489 praeterea
677 417 842 474 molianturz
868 436 924 473 non
941 418 1052 472 medius
1072 419 1154 472 fidius

142 488 284 544 acerrimis
312 489 436 544 consiliis
462 489 526 560 plus
554 506 640 558 quam
667 489 754 543 etiarn
782 488 973 558 inertissimis,
1003 491 1152 546 dummodo

142 560 339 630 diligentibus,
365 563 581 631 consequentur,
609 561 679 614 haec
705 559 792 629 enim,
818 577 891 629 quae
917 560 1022 630 fluunt,
1048 578 1099 631 per
1126 577 1153 614 se

142 632 277 686 diuturna
300 650 357 687 non
385 634 461 700 sunt,
488 631 520 684 in
544 625 724 686 contentione
748 634 910 702 praesentes
936 632 972 685 ad
997 633 1154 687 nocendum

141 704 248 827 habssnt
275 702 355 758 vires.
393 702 466 770 Quid
494 719 587 773 speres
615 703 649 756 de
676 702 746 772 illis,
774 702 806 755 in
832 702 1023 757 Tusculanum
1047 704 1085 757 ad
1111 719 1174 756 me·

143 774 196 828 scri
218 777 259 829 e.“

215 864 270 920 Cic.
285 865 323 918 ad
336 865 394 928 Au.
409 864 476 932 XV,
491 868 549 931 s,1
571 866 687 931 (eaermt.
702 879 784 918 meus.
799 864 895 932 Mai).
922 865 990 920 Post
1007 871 1087 920 tuum
1100 865 1154 918 dis·

141 953 244 991 casum
267 937 346 990 birras
365 952 383 989 a
400 935 492 989 Balbo
511 967 545 974 —
563 935 635 988 mihil
651 935 717 988 uoci
734 965 770 974 —
787 935 901 1004 itemque
923 937 958 990 ab
976 936 1088 1002 Hirtio,
1108 936 1156 1004 qai

142 1024 169 1062 se
186 1007 281 1062 amitit
298 1008 461 1062 velemeuter
478 1006 611 1073 affeusum
628 1021 683 1060 esse
700 1006 843 1060 ueteramis.

482 1184 508 1220 a.
522 1183 550 1219 a.
564 1182 586 1220 c.
605 1164 734 1220 DOGXI
748 1168 818 1233 (43).

43 1213 136 1362 ὗῧξξῑ
507 1253 791 1310 ADSENATUM.

216 1362 270 1417 Cic.
285 1363 360 1416 Phil.
379 1362 464 1428 VIII,
479 1366 504 1417 6.
530 1362 589 1416 Nec
606 1362 658 1414 illa
675 1361 787 1415 hostilia
800 1361 883 1415 uerba
899 1377 948 1415 uec
966 1362 1072 1428 bellica,
1090 1378 1158 1430 quae

140 1434 228 1502 paulo
250 1439 314 1488 aute
336 1450 369 1488 ea
391 1434 507 1514 collepae
530 1433 627 1488 litteris
650 1432 747 1487 Pansa
769 1432 906 1486 recitauit:
930 1431 1028 1486 Deieci
1053 1431 1157 1502 praesi-

145 1503 235 1573 dium,
254 1503 386 1559 Claterna
403 1506 512 1573 potitus
531 1521 604 1571 sum;
621 1502 715 1572 fugati
733 1501 855 1572 equites,
873 1501 1012 1572 proelium
1031 1503 1157 1558 commis-

145 1593 215 1644 sum,
234 1574 319 1630 occisi
338 1574 455 1642 aliquot.

353 1733 411 1787 AD
430 1733 473 1787 M.
496 1733 687 1790 TULLIUM
703 1733 953 1789 CICERONEM.

217 1840 272 1895 Cic.
286 1840 325 1893 ad
340 1839 419 1894 Fam.
434 1840 509 1907 XII,
523 1844 583 1907 5,2
606 1839 713 1908 (Cassia
732 1841 807 1909 prid.
822 1840 897 1895 Nom
913 1840 1016 1908 Febr).
1046 1841 1160 1896 Hirtius

144 1912 295 2038 milhem
308 1912 488 1978 corrsiderate,
505 1918 537 1966 at
554 1912 622 1967 malti
640 1912 740 1966 crebris
763 1913 859 1966 litteris
875 1912 1029 1981 sipuiricat,
1047 1919 1159 1967 acturus

218 2073 271 2127 aa.
287 2072 360 2125 Phil.
375 2071 449 2138 XII,
463 2076 488 2125 9.
512 2071 560 2124 Aa
574 2087 620 2126 uos
634 2072 670 2125 A.
683 2071 820 2139 Hirtium,
830 2071 1084 2140 praeclarissimum
1098 2089 1160 2126 cou-

145 2145 243 2212 sulem,
267 2142 588 2198 acaemetarum
610 2142 736 2209 beuelicio
758 2149 856 2197 uatum
880 2143 918 2196 aa
940 2143 1005 2197 haec
1030 2150 1161 2213 tempora,

146 2232 260 2286 quorum
278 2215 409 2284 epistulas
426 2230 499 2282 spem
516 2214 645 2267 materiae
663 2214 829 2268 declararetis
851 2215 883 2267 iu
901 2231 987 2267 mauu
1004 2220 1093 2281 teueo,
1107 2232 1160 2283 pa-

146 2305 200 2364 cem
222 2287 288 2340 aelle
311 2284 440 2340 cessetis?
477 2285 588 2340 Viucere
610 2285 655 2337 illi
677 2291 805 2352 expetunt
823 2285 954 2353 pacisque
972 2285 1161 2340 dulcissimam

146 2365 171 2413 et
184 2357 398 2427 pulcherrimum
416 2373 513 2411 uomeu
527 2372 584 2410 uou
597 2357 734 2424 poeticae,
752 2356 798 2410 sed
811 2356 926 2410 uictoria
940 2357 1161 2425 concupiveram.

469 2532 528 2586 AD
548 2533 590 2586 M.
608 2531 840 2587 ANTONIUM.

219 2639 273 2695 Cic.
289 2638 363 2693 Phil.
383 2638 478 2705 XIII,
497 2641 539 2692 34.
572 2638 729 2705 „Postremo
751 2639 858 2709 repatis
877 2655 972 2707 pacem
993 2639 1056 2705 fieri
1074 2656 1163 2708 posse,

146 2712 203 2766 uisi
228 2717 278 2766 aut
302 2711 412 2764 emisero
439 2709 561 2764 Brutum
583 2716 633 2765 aut
653 2711 789 2776 frumeuto
812 2711 932 2764 iucero.“
952 2741 983 2749 -
1004 2714 1049 2765 36.
1073 2711 1162 2777 „om-

147 2783 255 2837 cordiae
273 2783 377 2848 factam
395 2797 450 2835 esse
467 2782 628 2836 meutiouem
644 2781 764 2836 scribitis
781 2781 812 2834 iu
830 2787 927 2836 serrata
945 2787 971 2835 et
989 2781 1091 2851 lepatos
1109 2799 1163 2837 esse

148 2854 301 2908 consularis
319 2853 465 2921 quiuquef‘

511 3010 570 3065 AD
589 3008 795 3066 SENATUM.

221 3117 275 3173 Cic.
291 3118 364 3171 Pltil.
381 3118 465 3184 XIV,
480 3122 505 3171 1.
538 3116 587 3171 Eu
610 3117 720 3182 litteris,
743 3132 812 3184 quae
834 3117 962 3171 recitatae
983 3125 1061 3184 mmt,
1082 3136 1112 3187 p.
1132 3137 1164 3186 c,

74 3193 76 3197 ’
148 3189 413 3244 sceleratissimorum
436 3189 554 3244 lamium
577 3188 724 3242 exercitum
745 3203 852 3241 caesam
873 3189 1019 3256 fusumque
1042 3193 1162 3260 copaoai.

150 3265 175 3314 6.
194 3260 242 3313 Aa
264 3261 368 3314 litteras
385 3261 506 3326 aeuiam,
524 3275 592 3330 quae
610 3264 675 3313 suut
693 3275 711 3311 a
729 3258 885 3314 causalibus
907 3265 933 3313 et
951 3276 969 3312 a
985 3269 1164 3329 propraetore

150 3331 254 3399 missae,
273 3331 298 3384 si
307 3347 401 3399 pauca
415 3337 487 3397 aute,
505 3347 574 3401 quae
588 3330 626 3385 aa
638 3330 714 3398 ipsas
728 3329 832 3383 litteras
844 3331 1000 3398 pertimeant
1013 3332 1118 3387 (lisera.
1129 3365 1162 3373 -

151 3405 176 3456 7.
199 3400 241 3454 De
264 3400 413 3470 improbis,
435 3402 539 3470 iuquit,
562 3404 591 3455 et
615 3397 779 3453 audacibus.
816 3401 893 3455 Nam
913 3402 953 3455 sic
975 3418 1019 3456 eos
1042 3406 1165 3472 appellat

150 3472 318 3528 clarissimus
341 3473 392 3526 air.
415 3503 451 3511 -
478 3478 521 3527 11.
550 3471 619 3526 Cum
643 3471 855 3539 supplicationes
881 3472 1046 3528 iustissimas
1068 3492 1103 3529 ea
1128 3477 1165 3530 iis

151 3545 259 3611 litteris,
282 3559 351 3612 puae
377 3544 505 3597 recitatae
531 3550 608 3609 suut,
633 3542 772 3596 deseruere
796 3543 945 3597 debeamus.
969 3574 1005 3583 —
1027 3549 1072 3600 16.
1098 3548 1165 3602 Post

150 3617 222 3671 hauc
238 3615 361 3670 habitam
379 3614 529 3668 coutiouem
542 3614 650 3668 duabus
667 3613 785 3699 tribusve
798 3614 872 3668 horis
888 3614 1053 3682 optatissimi
1069 3619 1165 3672 martii
