2414 3968
457 229 534 285 OAP.
552 231 723 286 XIII—XVI.
1052 231 1091 294 11
1138 227 1141 232 ’

84 377 218 441 caudam
246 375 380 441 classem
407 380 440 441 et
467 376 508 441 ad
534 379 712 460 receptum,
742 376 771 447 si
794 377 904 442 durior
927 375 1094 440 accidisset

82 496 187 557 casus,
212 473 433 557 impeditiores
455 473 524 538 fore
546 472 746 538 videbantur.

151 569 222 635 XV.
258 570 396 636 Rhodiis
422 571 558 635 navibus
585 573 731 654 praeerat
756 569 966 654 Euphranor,
993 569 1125 634 animi1

81 667 307 753 magnitudine
335 689 371 731 ac
392 667 514 732 virtuto
540 667 645 752 magis
669 689 741 732 cum
764 669 885 733 nostris
907 667 1093 733 hominibus

84 786 182 850 quem
205 787 278 830 cum
302 763 431 830 Graccis
454 765 695 848 comparandus.
740 764 803 830 Hic
826 765 869 829 ob
890 765 1128 830 notissimamu

82 861 252 926 scientiam
280 865 377 946 atque
404 861 504 926 animi
530 862 786 946 magnitudinem
814 863 955 928 delectus
980 867 1030 927 est
1052 861 1092 926 ab

83 959 231 1043 Rhodiis,
255 959 311 1043 qui
330 959 501 1044 imperium
519 958 632 1024 classis
655 961 823 1025 obtineret.
861 959 925 1036 Qui
942 959 999 1024 ubi
1017 956 1092 1024 (lae
1111 973 1127 1020 3

83 1057 166 1122 saris
184 1056 407 1122 dubitationem
429 1057 573 1120 animum
591 1056 738 1141 advertit,
762 1057 903 1122 ‘Videris
920 1056 1024 1140 mihi',
1046 1057 1092 1120 in·

83 1154 165 1239 quit,
189 1152 325 1237 ‘Caesar²
347 1154 464 1238 vereri,
494 1154 523 1218 si
545 1154 625 1219 haec
647 1154 730 1218 vada
750 1155 864 1238 primis
887 1154 1024 1218 navibus
1046 1154 1093 1218 in·

79 1251 189 1335 traris,
203 1273 243 1315 ne
257 1251 348 1335 prius
362 1251 514 1316 dimicare
528 1252 663 1336 cogaris,
678 1274 774 1336 quam
787 1252 944 1337 reliquam
958 1253 1093 1317 classem

83 1345 228 1434 potueris
247 1349 414 1432 explicare.
446 1347 551 1414 Nobis
569 1371 638 1413 rem
656 1349 834 1414 committe:
857 1361 928 1424 nosj'
935 1348 1093 1432 proelium
1111 1360 1129 1407 4

82 1446 316 1511 sustinebimus
330 1484 374 1493 -
388 1468 492 1530 neque
505 1451 599 1526 tuum
614 1446 769 1511 iudicium
781 1445 931 1510 fallemus
944 1483 998 1529 -‚
1017 1446 1093 1510 dum
1148 1480 1151 1489 v

83 1544 207 1628 reliqui
235 1544 479 1628 subsequentur.
525 1542 595 1608 Hos
623 1544 752 1627 quidem
776 1543 897 1609 diutius
925 1544 960 1607 in
981 1547 1092 1607 nostro

81 1645 258 1725 conspectu
281 1641 414 1726 gloriari
441 1662 558 1726 magno
581 1641 675 1706 nobis
703 1644 736 1705 et
763 1641 909 1706 dedecori
934 1644 966 1706 et
989 1640 1093 1705 dolori

82 1739 154 1803 est.'
200 1737 316 1803 Caesar
337 1739 431 1803 illum
449 1738 638 1803 adhortatus
657 1743 753 1822 atque
772 1739 921 1803 omnibus
943 1738 1092 1802 laudibus
1112 1750 1128 1797 1

84 1839 274 1920 prosecutus
303 1836 358 1900 dat
386 1837 515 1921 signum
537 1856 673 1921 pugnae.
718 1835 910 1922 Progressas
933 1836 1020 1900 ultra
1041 1857 1093 1899 va-

83 1934 161 1997 dum
188 1951 225 1996 1v
247 1932 390 1997 Rhodias
418 1955 515 1997 naves
543 1933 785 1998 circumsistunt
807 1932 1019 1998 Alexandrini
1047 1937 1092 1997 at

85 2050 147 2112 que
165 2029 200 2092 in
219 2051 272 2093 ess
290 2029 447 2112 impetum
469 2030 601 2094 faciunt.
647 2028 815 2095 Sustinent
838 2030 887 2094 illi
910 2034 1006 2113 atque
1025 2033 1093 2093 arte
1112 2041 1128 2090 6

83 2124 292 2208 sollertiaque
320 2146 354 2188 se
382 2125 556 2209 explicant3
586 2147 623 2190 ac
649 2130 777 2190 tantum
805 2127 950 2191 doctrina
977 2127 1094 2210 potuit,

84 2227 123 2287 ut
141 2221 176 2286 in
195 2220 316 2304 dispari
333 2242 467 2285 numero
485 2221 576 2285 nulla
593 2227 776 2286 transversa
797 2222 886 2287 hosti
904 2224 1094 2307 obiceretur,

79 2318 206 2384 'nullius
224 2318 306 2383 remi
324 2318 575 2402 detergerentur,
598 2319 654 2382 sed
677 2341 802 2402 semper
820 2320 1022 2384 venientibus
1042 2320 1093 2383 ad-

81 2438 195 2482 versae
219 2419 429 2481 occurrerent.
474 2413 608 2480 Interim
634 2421 710 2480 sunt
731 2416 873 2499 reliquae
896 2416 1092 2481 subsecutae.

83 2513 168 2579 Tum
194 2513 374 2578 necessario
403 2513 578 2578 discessum
606 2514 645 2577 ab
674 2517 741 2578 arte
769 2518 819 2578 est
840 2516 973 2597 propter
996 2528 1128 2597 argu-7

83 2612 164 2677 stias
191 2611 269 2694 loci,
297 2616 394 2695 atque
422 2633 515 2675 omne
543 2616 703 2676 certamen
731 2612 765 2675 in
788 2611 909 2675 virtute
937 2610 1092 2674 constitit.

80 2707 198 2792 Neque
220 2729 296 2773 vero
315 2708 529 2774 Alexandriae
550 2709 614 2774 fuit
637 2710 807 2793 quisquam
830 2712 886 2772 aut
908 2712 1093 2773 nostrorum
1112 2724 1127 2772 8
1202 2786 1206 2793 .

83 2810 141 2871 aut
163 2805 411 2890 oppidanorum,
439 2806 495 2890 qui
518 2809 575 2870 aut
596 2807 630 2871 in
653 2829 748 2891 opere
772 2810 828 2870 aut
850 2805 885 2869 in
911 2824 1021 2890 pugna
1043 2828 1093 2870 oc·

83 2907 237 2988 cupatum
255 2903 398 2967 animum
415 2901 581 2988 haberent,
599 2904 677 2987 quin
695 2903 854 2967 altissime
866 2906 952 2967 tecte
969 2907 1095 2986 peteret

84 3004 181 3084 atque
213 3024 254 3065 ex
286 3000 374 3065 omni
405 3004 577 3084 prospectu
608 3001 715 3065 locum
752 3000 943 3084 spectaculo
966 3005 1094 3084 caperet

84 3097 296 3182 precibusque
316 3101 349 3162 et
365 3097 451 3163 votis
466 3096 634 3162 victoriam
653 3098 720 3162 suis
739 3097 780 3160 ab
799 3096 849 3161 dis
868 3097 1093 3162 inmortalibus

83 3201 277 3276 exposceret.

151 3287 238 3354 XVI.
281 3291 416 3357 Minime
448 3296 555 3358 autem
587 3314 646 3376 par
677 3297 745 3356 eret
777 3291 891 3376 proelii
924 3297 1126 3358 certamem

82 3384 216 3450 Nostris
238 3389 324 3452 enim
346 3389 449 3473 pulsis
472 3411 576 3474 neque
598 3393 685 3454 terra
707 3410 810 3473 neque
833 3389 915 3452 mari
938 3389 1093 3474 effugium

84 3482 221 3547 dabatur
238 3483 342 3570 victis,
365 3486 535 3570 omniaque
553 3487 731 3551 victoribus
754 3491 845 3551 erant
866 3485 977 3550 futura
994 3487 1028 3550 in
1047 3488 1093 3550 in·

82 3583 180 3664 certo,
203 3600 274 3646 cum
296 3581 354 3665 illi,
377 3583 406 3646 si
425 3589 629 3667 superessent
646 3583 791 3667 navibus,
814 3584 922 3648 omnia
939 3586 1094 3666 tenerent,
