2414 3968
132 176 195 240 126
426 175 573 231 BELLUM
591 174 841 231 Hlsrsuluusu.

94 339 109 387 7
128 320 200 405 Hic,
214 325 251 386 ut
265 320 311 385 ait
322 321 458 405 Ennius,
471 344 536 405 pes
553 322 645 405 pede
663 322 866 405 premitur,
882 325 1015 391 armis
1031 330 1159 392 terun-

129 424 193 485 tur
222 441 336 503 arma,
364 419 626 504 adversariosque
652 420 940 487 vehementissime
973 429 1159 511 pugnantes

128 517 232 582 nostri
255 538 348 602 agere
371 522 558 602 coeperunt3
581 517 699 602 quibus
722 517 879 602 oppidum
904 519 978 587 fuit
1003 524 1158 590 subsidio.

94 614 181 680 elta
204 615 284 699 ipsis
305 614 508 680 Liberalibus
530 616 595 680 fusi
618 615 786 701 fugatique
808 636 876 680 non
903 620 1158 703 superfuissent,

130 714 193 778 nisi
216 713 250 777 iu
272 735 346 777 eum
368 713 474 778 locum
498 713 729 798 confugissent,
750 735 791 777 ex
813 734 881 797 quo
904 723 1013 784 erant
1031 720 1160 806 egressi

94 809 168 875 uIn
191 832 256 894 quo
279 810 402 894 proelio
426 810 608 876 ceciderunt
630 810 720 875 milia
737 810 910 877 hominum
930 814 1076 883 circiter
1093 835 1155 883 m

130 913 163 974 et
185 909 214 972 si
237 908 315 991 quid
338 907 489 991 amplius,
511 913 677 992 praeterea
699 907 871 993 Labienus,
893 907 1022 979 Attius
1047 912 1154 995 Varus

130 1006 248 1090 quibus
286 1006 399 1070 occisis
435 1006 582 1090 utrisque
618 1006 715 1071 funus
748 1009 797 1071 est
828 1005 977 1094 fuctum,
1016 1012 1152 1097 itemque

129 1103 255 1187 equites
282 1103 420 1169 Romani
446 1104 565 1186 partim
593 1127 632 1169 ex
659 1105 739 1169 urbe
765 1103 886 1187 partim
914 1128 961 1171 ex
989 1110 1151 1194 provincia

79 1217 113 1265 10
132 1200 173 1264 ad
208 1200 299 1265 milia
329 1219 377 1265 111.
428 1200 542 1266 Nostri
579 1202 750 1267 desiderati
782 1200 822 1264 sd
852 1200 1040 1271 hominum
1074 1206 1151 1273 mille

79 1315 110 1365 11
130 1300 250 1383 purtim
273 1299 419 1383 equitum
442 1300 559 1382 partim
587 1299 747 1384 peditum,
773 1298 874 1363 saucii
898 1300 944 1364 ad
968 1301 1013 1368 D.
1039 1303 1149 1370 Adver-

129 1398 288 1462 sariorum
317 1396 442 1481 aquilae
470 1401 547 1461 sunt
574 1397 699 1463 ablatae
726 1413 789 1460 xm
813 1400 847 1461 et
868 1396 971 1482 signa
995 1405 1035 1467 et
1058 1402 1148 1468 fusca

136 1521 271 1579 ......;
299 1498 463 1578 praeterea
483 1545 623 1559 .......
667 1492 737 1559 Hos
759 1493 874 1559 habuit
895 1546 1054 1566 .......

96 1612 108 1659 1
196 1591 331 1657 XXXII.
375 1641 515 1657 .......
546 1616 586 1657 ex
610 1592 688 1678 fuga
710 1591 777 1656 bac·
793 1591 850 1676 qui
873 1594 1045 1678 oppidum
1069 1598 1148 1663 Mun·

131 1691 205 1753 dam
241 1690 304 1754 sibi
336 1690 580 1755 constituissent
610 1690 818 1775 praesidium,
852 1692 1035 1779 nostrique
1070 1716 1148 1783 coge

95 1806 111 1853 2
131 1787 250 1851 bantur
268 1788 446 1851 necessario
465 1810 519 1851 eos
538 1788 786 1853 circumvallare.
815 1787 868 1852 Ex
885 1787 1047 1859 hostium
1062 1794 1147 1859 armis

129 1888 221 1949 scuta
246 1888 279 1949 et
300 1884 367 1968 pila
388 1907 447 1968 pro
471 1886 604 1970 cespite,
626 1907 685 1970 pro
709 1884 794 1950 vallo
822 1886 983 1954 cadavera
1010 1892 1148 1958 conloca

128 1983 261 2067 bantur,
293 1982 424 2066 insuper
455 1984 632 2048 occisorum
665 1984 699 2047 in
726 1982 908 2068 gladiorum
938 1990 1148 2055 mucronibus

129 2080 236 2164 capita
262 2079 429 2145 hominum
458 2081 604 2146 ordinata
631 2081 672 2145 ad
698 2081 852 2165 oppidum
875 2102 1060 2153 convena:
1091 2087 1148 2154 uui·

129 2200 222 2242 versa
252 2178 396 2243 hostium
428 2179 577 2243 timorem
608 2228 749 2243 .......
779 2178 979 2264 virtutisque
1014 2185 1148 2271 insignia

129 2276 295 2360 proposita
325 2276 472 2341 viderent
503 2280 536 2341 et
567 2276 651 2341 vallo
682 2275 1020 2347 circumcluderentur
1050 2284 1148 2349 adver·

94 2374 214 2439 3sarii.
260 2371 311 2437 Ita
334 2372 419 2438 ualli
443 2372 580 2460 tragulis
603 2372 779 2457 iaculisque
801 2373 974 2460 oppidum,
1005 2384 1148 2463 quodsi

130 2470 274 2535 hostium
297 2471 505 2536 cadaveribus
528 2474 605 2534 sunt
627 2470 846 2557 circumplexi,
869 2494 1072 2562 oppugnare
1090 2498 1148 2545 coe

94 2586 112 2635 4
130 2574 255 2653 perunt.
292 2568 344 2632 Ex
366 2568 428 2633 hoo
445 2568 568 2652 proelio
587 2567 737 2635 Valerius
756 2568 945 2635 adulescens
964 2569 1148 2642 Gordubuu

132 2689 204 2731 cum
223 2666 334 2750 paucis
348 2666 512 2749 equitibus
525 2667 621 2752 fugit,
639 2665 711 2731 Sex.
725 2666 891 2752 Pompeio,
906 2668 966 2752 qui
981 2668 1147 2739 corduba

97 2781 112 2829 o
132 2764 256 2846 fuisset,
279 2785 346 2827 rem
370 2768 495 2847 gestam
517 2765 624 2829 refert.
663 2764 801 2850 Cognito
819 2764 881 2830 hoc
899 2770 1053 2857 negotio,
1077 2790 1147 2857 quor

132 2861 256 2944 equites
289 2881 397 2924 secum
428 2859 556 2946 habuit,
588 2862 674 2946 quod
705 2862 857 2947 pecuniae
886 2884 1002 2930 secum
1031 2868 1147 2947 babuit

133 2958 180 3021 e'is
208 2956 374 3021 distribuit
400 2961 433 3020 et
460 2958 629 3042 oppidanis
657 2959 739 3025 dixit
770 2982 804 3024 se
832 2960 871 3024 de
901 2982 984 3045 pace
1013 2967 1060 3032 nd
1083 2965 1147 3031 Cae

133 3077 236 3119 sarem
259 3054 419 3138 proficisci
442 3059 475 3119 et
499 3057 638 3121 secunda
655 3056 769 3141 vigilia
791 3057 831 3120 ab
851 3058 972 3141 oppido
994 3062 1148 3129 discessit

98 3171 113 3218 6
133 3152 189 3217 On.
207 3152 380 3237 Pompeius
404 3176 476 3219 oum
499 3154 662 3239 equitibus
685 3154 796 3238 paucis
814 3154 1053 3244 nonnullisque
1071 3158 1149 3247 pedi·

134 3252 222 3315 tibus
251 3251 291 3315 ad
318 3253 429 3317 navale
459 3252 654 3336 praesidium
680 3252 858 3337 parandum
886 3250 1058 3325 Carteiam
1087 3280 1149 3326 cou·

134 3349 249 3433 tendit,
272 3350 357 3434 quod
380 3351 533 3434 oppidum
557 3350 648 3414 abest
672 3349 858 3415 aCorduba
879 3349 973 3416 milia
998 3378 1150 3441 passuum

102 3462 238 3511 ucnxx.
298 3446 368 3523 Quo
409 3469 481 3512 cum
523 3449 563 3512 ad
599 3450 747 3511 octavum
787 3446 964 3513 miliarium
1004 3456 1150 3536 venisset,

137 3544 172 3609 P.
206 3543 380 3627 Caucilius,
417 3546 472 3628 qui
509 3545 623 3609 castris
655 3550 749 3610 antee
779 3544 914 3630 Pompei
946 3556 1151 3639 praepositus
