2414 3968
329 187 377 241 III.
400 187 585 243 ANTICATO
604 205 628 242 a.
643 206 671 243 u.
686 203 708 242 c.
728 186 842 243 Declx.
1031 189 1095 254 145

83 347 144 385 cnm
164 313 253 385 antem
271 331 303 384 in
321 347 348 385 se
367 331 472 399 ipsam,
489 337 555 385 tmic
572 331 698 384 dicamas
714 346 776 398 sese,
796 331 869 386 vemt
886 330 959 385 dimit
976 347 1030 386 sese
1047 333 1098 387 loc

82 404 137 456 sibi
154 403 256 470 fecisse.
295 401 345 468 Of.
357 402 464 457 Ritsclel
484 401 580 470 Opnsc.
598 402 654 468 IV,
673 405 734 456 313.

507 567 667 576 ..ι--ιιοι-

156 686 272 756 Qm‘ntil.
291 688 317 752 I,
337 688 364 752 7,
381 689 417 740 21
441 688 559 755 cptimns
580 688 730 753 maximas,
752 694 784 741 nt
805 687 922 741 mediam
940 688 951 740 i
970 687 1097 754 litteram,
1171 732 1175 739 .

83 775 152 828 qnae
174 759 306 813 neterilns
327 775 348 811 n
369 759 475 825 fnerat,
496 759 661 827 acciperent,
685 758 741 812 Gai
759 759 882 826 primam
906 758 1031 813 Caesaris
1052 759 1097 812 in-

82 831 229 898 scriptione
246 829 368 884 traditm
385 830 496 895 factmn.
517 861 550 868 -
574 828 629 884 Vel.
649 829 737 900 Lanp.
753 846 783 897 p.
803 832 878 895 67,3
896 828 934 883 K.
959 830 1095 896 (Gramm.

83 901 147 955 Lat.
163 900 242 967 VII).
275 899 358 954 Varie
375 901 559 968 scriptitatnm
579 908 617 955 est
635 902 813 968 mancupium
830 901 981 968 ancnpimn
999 917 1097 954 mann-

84 973 157 1037 biae,
184 971 318 1040 siquidem
341 971 370 1025 0.
390 971 492 1026 Caesar
514 989 566 1040 per
588 972 600 1025 i
622 973 740 1040 scripsit,
762 978 794 1026 nt
816 977 931 1040 apparet
953 989 986 1026 en
1008 972 1097 1026 titnlis

83 1044 180 1112 ipsias.
201 1074 241 1101 -,
258 1042 379 1097 Cassiod.
400 1043 433 1097 dc
453 1041 631 1113 Orthcpraplt.
647 1060 676 1111 p.
692 1046 805 1107 150,Ιο
823 1043 856 1096 ecl
875 1042 941 1097 Keil
960 1043 1096 1110 (Gramm.

84 1114 148 1168 Lat.
168 1114 248 1181 VII).
284 1114 440 1168 Laeramae
463 1131 502 1167 an
521 1113 662 1180 lacrimae,
685 1130 831 1168 maanmns
849 1130 887 1167 an
904 1114 1054 1180 manimns,
1073 1119 1099 1168 et

84 1187 165 1254 siqna
192 1185 297 1239 similia
322 1190 401 1251 srmt,
428 1201 480 1253 pne
507 1185 586 1239 mado
612 1186 696 1239 scribi
722 1183 844 1251 debeam,
871 1186 1023 1254 qnaesitnm
1050 1191 1096 1239 est.

87 1257 229 1310 Terentins
251 1256 340 1310 Varro
362 1256 480 1311 tradidit
499 1256 641 1311 Gaesarem
659 1274 711 1325 per
733 1257 744 1309 i
767 1257 825 1310 eins
842 1257 917 1310 madi
934 1257 1016 1310 verba
1033 1257 1097 1310 scli-

84 1335 142 1382 tnm
164 1344 218 1382 esse
242 1328 386 1381 ennntiare
408 1335 433 1382 et
455 1328 582 1381 scribere:
609 1329 674 1399 inde
688 1334 800 1396 propter
820 1328 1008 1382 anetmitatem
1025 1327 1099 1382 tanti

83 1400 139 1453 ciri
157 1399 378 1454 consmtndinem
395 1399 506 1464 factam.
527 1430 558 1440 -
578 1399 678 1453 Isidar.
700 1399 774 1469 Orip.
793 1399 819 1463 I,
836 1403 883 1465 26,
902 1401 945 1453 15.
965 1430 1000 1437 -
1019 1397 1097 1451 Mar.

89 1470 189 1525 Victor.
205 1487 235 1538 p.
251 1473 310 1536 9,3
329 1470 367 1522 K.
392 1470 527 1538 (Gramm.
547 1470 611 1524 Lat.
632 1470 684 1538 VI)
702 1471 774 1524 idem
797 1470 828 1536 (i.
843 1487 864 1525 e.
885 1469 995 1535 Cacsar,
1012 1469 1097 1537 siqni-

84 1542 145 1595 dem
166 1548 239 1596 recte
257 1540 399 1595 Scllittins
422 1541 574 1595 emendarit
595 1543 694 1611 frapm.
718 1558 763 1609 ap.
787 1540 864 1595 Mar.
888 1541 988 1595 Victor.
1011 1557 1099 1608 snpra

81 1631 110 1682 p.
126 1617 191 1680 144)
211 1612 329 1681 optimas
346 1613 483 1666 manimns
499 1613 622 1681 scripsit,
641 1628 699 1666 non
716 1619 748 1667 nt
765 1629 815 1666 nos
828 1629 880 1682 per
897 1629 918 1666 n
936 1612 1061 1666 litteram.

157 1773 263 1827 Clmris.
281 1773 302 1824 I
313 1789 343 1840 p.
362 1775 425 1837 143,
443 1775 480 1826 32
499 1773 536 1826 Κ.
570 1773 690 1842 Siremps
708 1779 816 1828 tantnm
830 1789 881 1840 per
898 1771 1100 1826 neminaticnm

86 1851 111 1898 ct
137 1844 288 1897 ablatianm
315 1843 482 1909 declinatur,
509 1845 635 1912 siremps,
661 1851 694 1898 nt
715 1844 790 1898 tabes
812 1849 837 1898 et
856 1844 962 1912 plnris,
990 1842 1025 1895 ab
1047 1843 1100 1896 lac

87 1916 213 1983 sirempse
228 1914 310 1982 plnrc
328 1914 404 1978 tabe,·
423 1912 525 1968 Cacsar
541 1931 612 1985 erpo,
631 1913 747 1984 siremps
760 1914 807 1968 lex
820 1917 880 1968 esto
895 1911 976 1983 quasi
990 1929 1100 1966 sacram

86 1983 234 2038 violaverit
251 1985 353 2037 dimisse
368 1985 595 2051 pranrmtiandns
608 1993 655 2052 est,
672 1987 730 2040 nisi
746 1987 816 2052 fecte
830 1987 942 2054 qnidam
957 1984 1099 2038 adverbia·

88 2058 149 2111 liter
167 2057 251 2125 lepere
267 2054 424 2120 malnem‘nt,
441 2055 566 2109 similiter
584 2057 628 2110 lea
645 2063 706 2111 estc.
741 2056 782 2123 Of.
802 2056 909 2111 Ilitscltl
929 2055 1025 2124 Opnsc.
1044 2054 1100 2122 IV,
1159 2072 1161 2076 ’

89 2133 123 2182 61
138 2144 175 2197 sq.
212 2125 340 2180 Hnscltlre
357 2125 423 2178 ibid.
439 2142 469 2193 p.
485 2129 530 2180 80.
566 2127 661 2181 Hertz.
681 2128 781 2181 Pltilal.
801 2128 858 2193 XI,
877 2131 940 2182 680.

229 2524 240 2544 ”
266 2547 335 2612 111.
365 2544 604 2612 armanno
626 2568 655 2612 a.
673 2568 704 2611 a.
722 2567 745 2611 ο.
764 2542 917 2612 acmx.

162 2678 229 2733 Gell.
248 2678 303 2745 IV,
321 2683 366 2744 16,
385 2681 411 2731 8.
450 2677 478 2731 0.
500 2677 609 2743 Caesar,
626 2678 720 2747 pranis
737 2682 832 2730 anctm
850 2676 962 2746 linpnae
980 2675 1102 2730 Latinae

89 2751 120 2803 in
137 2749 316 2816 Anticatone,
334 2746 430 2817 unius,
449 2749 548 2818 inpnit,
567 2746 755 2817 arrogantiae,
774 2745 921 2816 superbiae
941 2744 1101 2799 dominatu-

90 2837 144 2888 que
161 2821 320 2874 mnndatus.
359 2820 400 2887 Of.
420 2821 574 2886 Baehrens,
593 2819 675 2874 Arcle.
695 2820 837 2888 Leaiccpr.
857 2819 900 2882 II,
919 2821 981 2870 477.

160 2893 298 2946 Priscian.
314 2892 364 2956 VI,
378 2895 416 2945 36
430 2908 460 2959 p.
474 2894 541 2956 227,
554 2894 573 2944 2
586 2890 625 2943 Η.
655 2890 757 2945 Caesar
769 2891 802 2943 in
814 2889 980 2943 Anticatcne
994 2888 1103 2956 priore:

90 2978 146 3015 uno
165 2962 240 3016 enim
258 2965 383 3032 excepto,
401 2978 485 3031 quem
503 2960 575 3014 alius
593 2960 670 3015 modi
689 2963 774 3030 atque
793 2958 882 3014 omnis
895 2963 998 3013 natura
1011 2958 1101 3027 finxit,

94 3049 158 3086 suos
177 3033 294 3103 quisque
312 3033 401 3087 habet
419 3049 505 3087 caros.
525 3064 559 3073 -
578 3033 647 3086 Item
665 3033 716 3099 VI,
734 3036 772 3086 82
786 3050 815 3101 p.
830 3035 896 3096 266,
914 3035 957 3085 19.
981 3031 1049 3097 VII,
1064 3035 1103 3087 20
1127 3086 1129 3090 .

87 3121 117 3172 p.
136 3108 200 3170 303,
218 3109 264 3160 23.
302 3105 393 3171 XIII,
411 3108 455 3159 12.
488 3105 546 3158 Vol.
565 3105 604 3157 II
614 3120 644 3171 p.
664 3108 753 3171 8,13.

163 3176 238 3229 Plin.
257 3176 348 3244 Epist.
365 3177 426 3241 III,
444 3180 489 3241 12,
506 3179 533 3230 2.
566 3175 662 3229 Errant
679 3175 774 3242 officia
791 3174 965 3239 antelucana,
983 3174 1015 3227 in
1032 3190 1102 3243 qnae

92 3247 211 3301 incidere
229 3248 333 3314 inprme
351 3264 385 3302 ne
405 3247 505 3301 Catani
522 3247 631 3316 pnidem
649 3247 736 3312 licnit,
754 3262 831 3314 pnem
848 3251 939 3300 tamen
956 3244 984 3298 0.
1001 3244 1102 3299 Caesar
1197 3271 1201 3281 ·

91 3318 133 3372 ita
159 3317 328 3385 reprehendit
354 3325 386 3372 nt
412 3318 512 3372 landet.
553 3318 692 3372 Describit
718 3318 791 3372 enim
818 3332 861 3371 ecs
883 3317 981 3384 qnibns
1008 3317 1103 3370 chains

91 3390 184 3455 inerat
200 3405 262 3443 cnm
279 3395 362 3469 capnt
375 3390 444 3444 ebrii
456 3389 621 3454 retexissent,
638 3389 789 3443 crnbnisse:
806 3388 904 3441 deinde
917 3388 1003 3442 adicit
1019 3389 1103 3456 puta-

91 3476 135 3513 res
163 3476 220 3513 non
247 3458 283 3512 ab
311 3458 369 3512 dlis
392 3459 539 3528 (tatonem,
568 3459 617 3513 sed
644 3459 709 3513 illos
737 3476 754 3513 a
778 3459 883 3514 Catone
906 3458 1101 3527 deprehensos.

92 3531 221 3585 Potnitne
240 3531 306 3598 plns
329 3533 500 3587 anctmitatis
522 3532 608 3586 tribni
627 3531 726 3586 Oatcni
748 3549 830 3601 qnam
848 3531 873 3583 si
890 3531 980 3584 ebrias
998 3544 1103 3598 qncqne

92 3609 148 3657 tam
166 3603 328 3656 venerabilis
345 3601 423 3657 erat?
755 3645 756 3648 ,
