2414 3968
113 205 158 267 24
382 203 529 259 BELLUM
547 204 849 258 ALEXANDRINUM.

113 350 152 413 ad
178 348 320 434 legiones
350 349 512 432 profectus
535 370 632 412 unam
656 348 835 433 extribus,
858 365 982 431 xxxvl,
1012 368 1121 413 secum

113 446 213 531 ducit,
240 447 318 512 duas
344 447 379 511 in
401 445 587 530 Aegyptum
610 445 650 509 ad
675 443 841 510 Caesarem
868 444 973 508 mittit
1000 443 1120 509 litteris

112 544 180 608 eius
208 546 367 628 evocatas,
401 563 537 625 quarum
565 542 666 607 altera
693 542 777 607 bello
805 542 1027 606 Alexandrino
1057 561 1119 605 non

113 640 260 725 occurrit,
283 640 370 725 quod
392 640 506 703 itinere
530 639 675 704 terrestri
697 661 755 722 per
778 637 905 722 Syriam
923 642 994 702 erat
1012 638 1117 703 missa

77 735 270 822 4Adiungit
294 735 354 802 Cn.
379 735 543 800 Domitius
570 736 691 820 legioni
717 754 827 803 xxxvl
854 736 933 800 duas
960 737 1003 800 ab
1026 734 1117 800 Deio

112 838 196 918 taro,
226 857 305 919 quas
328 833 383 899 ille
408 833 576 916 disciplina
598 837 694 917 atque
718 837 879 896 armatura
900 834 1015 896 nostra
1038 852 1117 896 eom·

112 932 221 1015 plures
248 954 348 996 annos
372 931 562 995 constitutas
589 930 741 1013 habebat,
769 931 957 1015 equitesque
982 946 1019 1013 c,
1048 927 1116 993 toti·

78 1045 94 1092 5
114 1030 249 1113 demque
272 1029 311 1093 ab
334 1028 549 1093 Ariobarzane
577 1028 683 1092 sumit.
728 1026 834 1090 Mittit
855 1024 891 1090 P.
913 1024 1062 1090 Sestium
1078 1023 1116 1088 ad

115 1124 147 1188 C.
161 1124 358 1191 Plaetorium
377 1129 587 1210 quaestorem,
605 1128 642 1188 ut
664 1124 824 1209 legionem
839 1123 1022 1208 adduceret,
1041 1143 1115 1208 quae

114 1244 154 1286 ex
172 1222 390 1287 tumultuariis
407 1222 566 1287 militibus
584 1221 619 1284 in
632 1219 737 1284 Ponto
758 1219 903 1284 confecta
924 1223 1004 1304 erat,
1025 1218 1114 1297 Quin·

113 1321 246 1402 tumque
273 1318 432 1383 Patisium
461 1319 495 1382 in
526 1316 670 1382 Ciliciam
703 1318 743 1381 ad
775 1317 895 1381 auxilia
923 1316 1115 1383 arcessenda

114 1413 201 1491 Quae
233 1417 341 1500 copiae
374 1415 519 1480 celeriter
552 1437 662 1479 omnes
694 1413 784 1478 iussu
813 1413 950 1478 Domitii
980 1412 1115 1478 Comana

113 1519 337 1578 convenerunt.

80 1627 94 1673 1
180 1609 311 1675 XXXV.
347 1609 482 1674 Interim
508 1609 608 1694 legati
632 1631 651 1672 a
672 1608 837 1673 Pharnace
865 1630 1020 1692 responsa
1040 1607 1115 1672 refe

115 1711 203 1770 runt:
240 1705 439 1790 Cappadocia
465 1727 500 1770 se
528 1705 716 1790 decessisse,
747 1704 933 1769 Armeniam
962 1707 1115 1770 minorem

114 1803 280 1887 recepisse,
303 1824 398 1886 quam
421 1806 553 1884 paterno
577 1803 705 1867 nomine
727 1803 797 1867 iure
818 1802 962 1866 obtinere
983 1802 1115 1867 deberet

114 1900 261 1984 Denique
289 1900 356 1963 eius
385 1899 477 1983 regni
504 1920 599 1963 causa
625 1899 751 1983 integra
774 1898 902 1964 Caesari
925 1903 1116 1964 servaretur:

81 2015 96 2060 a
115 2001 262 2083 paratum
281 1997 366 2061 enim
384 2018 419 2060 se
437 1996 549 2079 faeere,
572 1996 657 2079 quod
676 1997 703 2059 is
723 1997 897 2061 statuisset.
936 1994 988 2060 Cn
1006 1994 1116 2060 Domi-

115 2096 180 2159 tius
213 2115 284 2158 cum
317 2093 583 2157 animadverteret
615 2115 687 2156 eum
719 2091 919 2176 Cappadocia
948 2091 1117 2157 decessisse

115 2215 180 2257 non
197 2190 363 2255 voluntate
382 2190 566 2274 adductum,
589 2189 645 2253 sed
662 2191 860 2273 necessitate,
884 2188 969 2273 quod
989 2187 1117 2253 facilius

114 2288 300 2353 Armeniam
320 2288 486 2353 defendere
503 2291 613 2370 posset
632 2287 807 2352 subiectam
826 2307 884 2350 suo
903 2306 1001 2370 regno
1020 2308 1118 2370 quam

116 2384 348 2469 Cappadociam
377 2384 507 2467 longius
536 2390 705 2468 remotam,
737 2383 886 2467 quodque
914 2402 1022 2447 omncs
1052 2386 1118 2447 tres

114 2483 257 2569 legiones
288 2481 499 2546 adducturum
527 2480 708 2545 Domitium
737 2484 898 2564 putasset,
929 2499 966 2542 ex
998 2478 1119 2563 quibus

115 2604 187 2646 cum
215 2580 293 2644 duas
322 2578 362 2642 ad
389 2576 555 2641 Caesarem
581 2578 696 2643 missas
724 2578 877 2659 audisset,
905 2573 1057 2640 audacius
1086 2578 1121 2640 in

115 2677 267 2741 Armenia
289 2674 502 2758 substitisset,
524 2696 725 2758 perseverare
743 2675 857 2757 coepit,
880 2677 969 2737 uteo
988 2693 1120 2758 quoque

114 2795 213 2857 regno
238 2772 415 2855 decederet3
441 2771 653 2853 nequeenim
677 2772 764 2837 aliud
790 2771 841 2835 ius
864 2790 929 2834 eme
953 2766 1120 2854 Cappado-

115 2870 182 2933 ciae
206 2871 300 2951 atque
322 2868 507 2950 Armeniae,
534 2890 592 2932 nec
619 2868 703 2933 iuste
726 2889 799 2931 eum
821 2864 995 2951 postulare,
1024 2867 1121 2931 utin

117 2964 260 3028 Caesaris
276 2966 450 3029 adventum
468 2986 518 3029 res
538 2965 663 3048 integra
682 2965 874 3037 diffamatum
890 2961 923 3025 id
942 2961 1029 3026 enim
1048 2984 1121 3028 esse

81 3062 290 3146 aintegrum,
321 3063 407 3146 quod
433 3063 480 3125 ita
507 3066 603 3145 esset,
634 3066 671 3126 ut
698 3062 820 3126 fuisset.
862 3057 923 3123 His
952 3060 1121 3142 responsis

116 3159 199 3223 datis
223 3180 295 3222 cum
317 3159 357 3222 iis
380 3159 494 3242 copiiS,
517 3181 596 3243 quas
620 3181 717 3242 supra
739 3158 862 3242 scripsi,
884 3154 1051 3240 profectus
1069 3161 1123 3223 est

116 3255 150 3319 in
163 3253 348 3319 Armeniam
366 3255 508 3339 locisque
527 3256 743 3339 superioribus
763 3256 825 3320 iter
838 3254 942 3318 facere
959 3251 1122 3319 instituitt

86 3391 89 3397 -
115 3375 189 3416 nam
212 3374 252 3416 ex
273 3350 377 3416 Ponto
401 3351 587 3416 aComanis
610 3352 723 3435 iugum
746 3351 864 3417 editum
888 3348 1037 3415 silvestre
1059 3356 1123 3438 est,

114 3451 279 3531 pertinens
301 3448 336 3512 in
353 3447 538 3514 Armeniam
561 3448 726 3533 minorem,
750 3471 813 3533 quo
829 3446 1031 3531 Cappadocia
1048 3448 1124 3514 fini·

115 3549 170 3610 t'ur
192 3547 232 3612 ab
254 3544 418 3631 Armenia3
446 3548 536 3611 cuius
564 3544 689 3609 itineris
716 3545 775 3610 has
804 3567 869 3611 esse
897 3546 1001 3608 certas
1026 3565 1124 3628 opor-
