2414 3968
128 203 169 265 78
461 200 610 254 BELLUM
628 200 796 255 eumcum

91 348 160 409 tet
187 345 255 409 sine
281 345 424 429 periculo
456 344 555 409 fieret
604 342 718 409 Voluit
750 345 847 408 etiam
879 345 1035 428 experiri,
1067 366 1146 409 cum·

126 442 258 526 propius
281 442 408 507 hostem
431 441 629 525 accessisset,
655 440 828 505 haberetne
855 441 889 505 in
915 442 1025 506 animo
1049 441 1139 505 dimi·

92 555 205 603 ccare.
254 538 435 603 Accedebat
461 539 559 602 etiam
589 538 629 601 ad
659 537 800 622 reliquas
832 558 958 622 causas,
991 538 1082 622 quod
1111 537 1140 601 is

125 635 215 700 locus
239 636 406 720 depressus
430 639 498 700 erat
519 634 672 719 puteique
695 635 741 698 ibi
765 633 940 718 [nonnulli]
959 634 1033 699 fieri
1055 656 1139 699 eom·

125 732 233 817 plures
256 735 417 816 poteraut:
440 732 610 815 aquatione
633 731 720 795 enim
742 730 840 815 longa
863 733 896 795 et
913 735 1054 816 angusta
1071 734 1139 796 ute·

57 885 61 895 .
92 830 229 894 obstin.
277 829 365 893 Dum
397 827 475 892 haec
507 850 616 913 opera,
648 850 728 913 quae
756 831 830 904 ante
858 828 937 912 dixi,
969 828 1140 893 fiebanta

22 994 26 1001 ,
125 924 321 1010 legionibus,
348 925 478 989 interim
504 946 578 1008 pars
606 925 672 989 acie
696 927 769 989 ante
792 946 873 1009 opus
895 925 1058 990 instructa
1079 924 1138 989 sub

125 1021 220 1085 hoste
238 1022 357 1105 stabat3
376 1021 499 1105 equites
517 1022 645 1086 barbari
663 1021 806 1105 levisque
825 1025 988 1086 armatura
1004 1022 1139 1106 proeliis

126 1118 260 1181 minutis
283 1117 462 1182 comminus
485 1117 686 1182 dimicabant.

92 1231 106 1279 ι
192 1213 261 1278 LII.
306 1213 422 1279 Caesar
448 1215 488 1281 ab
516 1237 554 1279 eo
582 1238 677 1300 opere
700 1237 774 1280 oum
796 1215 860 1280 iam
883 1216 943 1282 sub
966 1237 1138 1301 vesperum

128 1313 235 1396 copias
258 1313 292 1377 in
315 1316 420 1376 castra
445 1312 622 1397 reduceret,
649 1333 766 1397 magno
794 1313 924 1377 incursu
952 1315 1139 1379 cumomni

127 1409 272 1493 equitatu
297 1408 424 1493 levique
453 1413 614 1473 armatura
639 1407 734 1494 Iuba,
767 1407 887 1494 Scipio,
913 1408 1080 1477 Labienus
1106 1412 1139 1476 in

92 1505 319 1590 alegionarios
346 1505 503 1589 impetum
530 1506 681 1570 fecerunt.
730 1505 867 1591 Equites
895 1504 1081 1573 Caesariani
1107 1508 1140 1573 vi

76 1619 79 1624 ·
126 1602 293 1666 universae
324 1601 511 1684 subitaeque
542 1600 686 1665 hostium
717 1602 934 1667 multitudinis
965 1603 1056 1688 pulsi
1086 1627 1140 1690 pa

93 1714 257 1782 crumper
279 1702 450 1763 cesserunt.
497 1697 585 1774 Quae
606 1720 657 1762 res
681 1697 774 1764 aliter
797 1700 986 1764 adversariis
1009 1702 1140 1767 cecidit:

127 1817 265 1879 namque
289 1793 404 1859 Caesar
431 1817 471 1859 ex
496 1794 602 1859 medio
624 1794 738 1859 itincre
762 1797 862 1881 copiis
885 1797 1028 1862 reductis
1052 1799 1140 1883 equi-

128 1892 215 1956 tibus
238 1891 305 1954 suis
329 1889 484 1953 auxilium
501 1889 590 1974 tulit3
613 1891 736 1974 equites
755 1895 862 1956 autom
881 1893 1020 1957 adventu
1038 1893 1141 1980 legio

127 2009 205 2053 num
228 1987 334 2051 animo
358 1986 466 2050 addito
490 1987 650 2051 conversis
673 1988 763 2071 equis
787 1988 821 2052 in
840 1986 1000 2053 Numidas
1023 1989 1142 2074 cupide

127 2086 330 2169 insequentes
358 2083 580 2168 dispersosque
607 2082 764 2167 impetum
791 2083 935 2148 fecerunt
962 2089 1063 2170 atque
1085 2109 1142 2152 eos

128 2182 372 2247 convulneratos
385 2202 487 2265 usque
501 2181 535 2245 iu
549 2183 654 2245 castra
669 2180 760 2264 regia
777 2181 985 2266 reppulerunt
1003 2182 1142 2249 multos·

93 2295 190 2363 uque
213 2300 253 2344 ex
273 2277 326 2342 his
348 2277 585 2342 interfecerunt.
631 2276 724 2353 Quod
746 2277 810 2341 nisi
831 2277 866 2342 in
892 2281 1021 2343 noctem
1047 2302 1142 2364 prce

126 2376 207 2440 lium
234 2379 320 2440 esset
348 2375 527 2440 coniectum
552 2373 721 2458 pulvisque
748 2378 845 2439 vento
865 2373 968 2439 elatus
992 2378 1142 2442 omnium

126 2472 311 2556 prospectui
334 2470 502 2553 offecisset,
523 2466 605 2533 Iuba
628 2492 700 2535 cum
722 2470 863 2536 Labieno
887 2472 973 2555 capti
995 2473 1030 2536 in
1048 2478 1144 2558 pote·

127 2571 244 2632 statem
263 2565 406 2631 Caesaris
424 2566 595 2650 venissent,
619 2568 844 2653 equitatusque
864 2589 936 2633 cum
953 2568 1019 2633 levi
1037 2591 1143 2636 arma·

93 2669 200 2731 utura
221 2664 367 2728 funditus
386 2663 426 2726 ad
448 2663 696 2727 internecionem
720 2665 843 2730 deletus
866 2669 957 2730 esset.
1002 2663 1142 2732 Interim

127 2759 357 2825 incredibiliter
390 2780 430 2823 ex
464 2758 591 2844 legione
622 2778 660 2824 1v
691 2764 724 2825 et
754 2779 792 2825 VI
824 2761 983 2847 Scipionis
1016 2764 1143 2830 milites

128 2857 282 2940 diffugere
308 2855 427 2940 partim
455 2857 489 2921 in
516 2861 621 2921 castra
648 2855 805 2942 Caesaris,
835 2860 967 2943 partim,
994 2859 1029 2923 in
1058 2883 1143 2945 quas

129 2953 263 3036 quisque
289 2956 417 3037 poterat
443 2952 603 3037 regiones,
632 2955 810 3040 pervenire3
842 2957 984 3040 itemque
1012 2948 1144 3040 equites

129 3045 258 3112 (turiani
290 3048 389 3112 diffisi
419 3046 562 3133 Scipioni
594 3050 725 3135 eiusque
757 3053 859 3137 copiis
890 3050 1074 3135 complures
1107 3075 1144 3118 se

128 3144 238 3210 eodem
261 3145 473 3210 conferebant

193 3241 278 3306 LIII.
322 3242 409 3306 Dum
435 3243 514 3308 haec
542 3243 662 3308 circum
682 3244 812 3310 Unitum
840 3246 879 3310 ab
907 3244 1055 3329 utrisque
1083 3246 1143 3311 du·

128 3339 218 3404 cibus
245 3339 521 3424 administrantur,
549 3339 692 3425 legiones
721 3341 815 3426 duae,
842 3359 867 3405 x
888 3345 921 3406 et
943 3358 993 3424 1x,
1021 3362 1062 3404 ex
1092 3340 1143 3407 Si-

128 3435 201 3500 cilia
222 3436 358 3500 navibus
382 3437 534 3501 onerariis
557 3437 732 3522 profectae,
760 3460 833 3503 cum
857 3439 921 3502 iam
948 3458 1012 3502 non
1039 3437 1143 3524 longe

128 3554 148 3597 a
182 3537 278 3618 portu
314 3532 477 3617 Ruspinae
515 3535 675 3619 abessent,
717 3536 892 3619 conspicati
928 3555 1025 3598 naves
1062 3532 1142 3600 cae·
