2414 3968
362 210 439 268 aar.
457 208 763 270 tumn-mxxvi.
1007 219 1068 283 ιι

59 357 196 423 salutem
220 357 283 424 sibi
305 361 464 443 pararent,
486 357 703 443 egrediuntur,
725 362 821 443 atque
842 360 890 425 ita
907 383 964 445 per
982 383 1069 426 mare

59 455 205 521 umbilici
227 455 292 519 fine
315 455 453 539 ingressi
475 459 594 528 terram
614 455 774 538 petebant.
811 455 874 532 Qui
893 480 912 521 a
929 459 1069 524 servitiis
1087 475 1105 524 2

57 555 239 638 puerisque,
263 554 319 637 qui
341 554 376 617 in
400 551 513 616 castris
536 554 636 636 erant,
658 552 819 637 lapidibus
841 555 980 639 pilisque
998 578 1070 639 pro·

57 649 156 714 hibiti
182 654 301 715 terram
329 650 486 734 attingere
513 670 624 714 rursus
651 670 685 713 se
708 650 743 714 in
770 649 924 734 oppidum
946 672 1069 736 recepe-

57 750 143 811 runt.
192 745 326 812 Interim
359 745 518 830 Scipionis
551 745 652 830 copiis
683 748 854 830 prostratis
885 748 1104 832 passimquec
1137 809 1139 814 .

24 841 25 844 ’
57 848 128 908 ιοιο
161 865 273 928 eampo
303 842 503 928 fugientibus
540 841 710 907 confestim
745 841 890 908 (laeseris
926 844 1069 928 legiones

58 942 211 1025 consequi
234 941 442 1025 spatiumque,
456 961 491 1004 se
508 961 574 1004 non
592 939 667 1005 dare
686 939 865 1026 colligendi.
903 940 966 1018 Qui
983 947 1105 1027 posta

58 1058 156 1121 quem
183 1036 223 1101 ad
251 1059 288 1102 ea
319 1040 437 1120 casua,
468 1057 551 1120 quae
582 1036 747 1121 petebant,
778 1037 1001 1123 perfugerant,
1032 1042 1071 1102 ut

57 1134 169 1199 refecti
197 1135 310 1200 eastris
337 1156 449 1199 rursus
477 1156 546 1198 sese
575 1133 780 1198 defenderent
808 1134 983 1220 ducemque
1015 1135 1070 1199 ali·

58 1252 153 1315 quem
176 1232 389 1316 requirerent,
412 1252 508 1314 quem
530 1230 739 1315 respicerent,
765 1232 857 1298 euius
880 1233 1069 1298 auetoritate

58 1327 255 1412 imperioque
283 1350 351 1393 rem
379 1329 540 1412 gererent:
568 1327 624 1410 qui
645 1332 818 1412 postquam
841 1330 1069 1394 animadverte·

57 1429 135 1489 runt
160 1426 320 1490 neminem
347 1425 394 1490 ibi
422 1446 492 1489 esse
518 1421 692 1506 praesidio,
719 1422 868 1506 protinus
895 1425 993 1489 armis
1016 1424 1069 1488 ab·

57 1520 149 1585 iactis
175 1521 210 1585 in
237 1522 327 1606 regia
353 1525 459 1586 castra
484 1520 596 1605 fugere
629 1520 834 1584 contendunt.
885 1519 955 1597 Quo
982 1525 1103 1605 post-5

58 1639 154 1701 quam
172 1622 394 1703 pervenerunt,
417 1640 455 1683 ea
472 1638 600 1701 quoque
618 1617 658 1682 ab
676 1615 812 1682 Iulianis
831 1619 933 1683 teneri
950 1619 1069 1683 vident.

57 1713 235 1798 Desperata
266 1714 369 1780 salute
400 1714 436 1779 in
468 1714 606 1798 quodam
630 1713 721 1780 -eolle
757 1715 938 1780 consistunt
973 1719 1070 1800 atque

60 1812 158 1876 armis
194 1812 341 1877 demissis
377 1810 603 1876 salutationem
638 1835 728 1878 more
763 1812 897 1878 militari
937 1813 1069 1878 faciunt.

59 1907 183 1984 Quibus
205 1908 331 1973 miseris
354 1929 392 1972 ea
413 1929 465 1972 res
491 1929 590 1992 parvo
617 1909 777 1993 praesidio
804 1911 875 1975 fuit.
919 1909 1069 1996 Namque
1089 1927 1104 1975 6

59 2005 181 2069 milites
207 2006 350 2069 veterani
378 2005 426 2068 ira
453 2008 486 2070 et
513 2003 621 2069 dolore
648 2006 771 2070 incensi
798 2017 863 2071 no'n
891 2007 1001 2092 moda,
1032 2012 1070 2072 ut

57 2106 225 2186 parcerent
247 2101 344 2185 hosti,
366 2123 431 2165 non
449 2103 598 2184 poterunt
616 2100 739 2186 adduci,
762 2102 818 2166 sed
836 2097 934 2167 etiarn
952 2126 992 2168 ex
1010 2125 1068 2168 auo

59 2198 164 2265 exerci
165 2202 201 2262 tu
165 2197 367 2262 tinlustres
380 2198 520 2261 urbanos
520 2218 625 2281 ‚quos
639 2200 823 2263 auctores..
834 2200 1070 2284 appellabant,

59 2295 239 2379 complures
267 2297 324 2358 aut
349 2247 559 2359 vulneraruirt
586 2298 642 2358 aut
667 2294 910 2380 interfecerunt5
942 2296 976 2361 in
1005 2315 1103 2381 quor

58 2413 191 2458 numero
218 2391 282 2456 fuit
303 2379 430 2456 Tullius
452 2388 558 2455 Rufus
586 2392 802 2475 quaestorius,
829 2392 886 2476 qui
912 2391 979 2475 pilo
1007 2397 1068 2456 tra

58 2491 161 2555 iectus
183 2488 330 2555 consulto
354 2511 373 2552 a
394 2485 498 2552 milite
516 2487 653 2573 interiit,
626 2488 754 2553 titem
772 2487 946 2590 Pompeius
963 2488 1069 2554 Rufus

57 2588 225 2653 brachium
247 2586 355 2673 gladio
378 2605 562 2669 percussus,
584 2585 648 2650 nisi
671 2585 816 2651 celeriter
832 2571 879 2650 ad
903 2585 1069 2652 Caesarem

59 2685 305 2768 adcucurrisset,
331 2682 519 2749 interfectus
547 2685 640 2747 esset
686 2681 757 2759 Quo
779 2683 865 2748 facto
888 2683 1103 2768 compluresss

59 2783 183 2866 equites
208 2780 348 2846 Romani
375 2783 601 2863 senatoresque
627 2779 791 2864 perterriti
818 2802 858 2845 ex
883 2780 1007 2864 proelio
1035 2802 1069 2845 se

59 2882 255 2964 receperunt,
276 2901 318 2943 ne
341 2899 360 2942 a
381 2875 550 2962 militibus,
573 2876 631 2961 qui
652 2899 692 2942 ex
712 2880 804 2941 tanta
821 2876 957 2941 victoria
973 2877 1068 2942 licen-

59 2975 139 3039 tiam
161 2976 224 3041 sibi
246 2974 501 3059 adsumpsissent
522 2973 730 3039 immoderate
757 2974 910 3058 peccandi
932 2975 1069 3058 impuni-

60 3073 137 3137 tatis
167 3093 219 3156 spe
249 3077 380 3158 propter
410 3071 567 3136 maximas
598 3093 650 3137 res
684 3074 806 3156 gestas,
841 3071 905 3155 ipsi
941 3093 1068 3156 quoque

60 3170 322 3236 interficerentur.
380 3167 495 3253 Itaque
530 3167 578 3233 ibi
614 3189 725 3232 omnes
757 3166 917 3251 Scipionis
947 3168 1102 3234 militesa
1188 3229 1192 3240 ,

61 3288 134 3331 cum
155 3267 252 3332 fidem
273 3265 416 3332 Caesaris
438 3263 657 3349 implorarent,
679 3264 877 3349 inspectante
898 3265 969 3349 ipso
994 3263 1067 3330 an-

61 3385 130 3427 sare
154 3367 187 3428 et
213 3386 232 3427 a
257 3363 415 3429 militibus
442 3363 645 3446 deprecante,
672 3362 718 3427 eis
745 3362 795 3426 uti
821 3366 1000 3447 parcerent,
1028 3364 1069 3426 ad

60 3481 161 3525 unum
183 3463 259 3524 sunt
244 3460 448 3524 tinterfecti.

125 3555 301 3622 LXXXVI
347 3554 462 3622 Caesar
484 3557 579 3622 trinis
602 3556 716 3622 castris
740 3556 864 3693 potitus
892 3577 1068 3640 occ1s1sque
1087 3572 1101 3621 1

114 3669 256 3712 oramus
269 3668 394 3712 erasm.
420 3670 459 3710 nr
856 3665 871 3713 ι
962 3705 963 3708 ,
