2414 3968
113 150 157 215 56
449 147 596 203 BELLUM
614 147 783 204 AFRICUM.

115 294 238 379 equites
262 315 372 358 eorum
394 292 635 358 multitudinem
658 312 752 377 aegre
775 291 987 356 sustinebant.
1031 288 1127 356 Acies

114 391 243 456 interim
265 391 388 456 mediae
412 412 484 456 cum
506 410 695 455 concurrere
718 393 923 474 conarentur,
949 387 1061 453 subito
1088 409 1127 452 ex

115 488 281 553 condensis
300 487 416 552 turmis
434 486 558 571 pedites
576 485 735 552 Numidae
754 485 834 551 levis
852 489 1037 550 armaturae
1052 506 1126 549 cum

115 585 277 669 equitibus
298 587 492 668 procurrunt
515 587 548 647 et
565 584 650 647 inter
667 582 861 668 legionarios
878 581 1005 666 pedites
1022 579 1128 645 iacula

79 682 261 747 scoiciunt.
306 679 371 744 Hic
398 702 471 745 cum
499 679 679 744 Caesariani
707 680 741 743 in
768 701 823 745 eos
849 679 1007 764 impetum
1034 677 1126 742 fecis·

115 783 199 862 sent,
226 778 356 842 illorum
379 777 503 861 equites
530 777 745 862 refugiebant3
771 775 895 860 pedites
921 773 1056 838 interim
1080 793 1127 836 re

114 875 280 959 sistebant,
303 873 379 937 dum
402 873 525 957 equites
547 895 659 938 rursus
677 894 773 938 cursu
791 875 944 938 renovato
962 869 1128 955 peditibus

115 972 182 1037 suis
205 974 434 1036 succurrerent.

80 1085 95 1134 1
181 1066 251 1132 XV.
298 1066 414 1132 Caesar
436 1088 519 1132 novo
542 1087 657 1152 genere
680 1086 808 1153 pugnae
830 1062 939 1130 oblato
961 1084 1039 1129 cum
1061 1063 1127 1128 ani·

116 1186 205 1228 mum
233 1162 411 1228 adverteret
442 1164 569 1228 ordines
596 1185 728 1229 suorum
755 1163 790 1227 in
816 1159 1033 1246 procurrendo
1061 1164 1128 1225 tur·

115 1261 186 1326 bari
208 1261 397 1345 -pedites
424 1261 523 1345 enim,
550 1260 627 1326 dum
655 1261 780 1344 equites
806 1259 934 1344 longius
957 1258 999 1322 ab
1024 1258 1129 1345 signis

115 1362 361 1442 prosequuntur,
378 1357 477 1422 latere
495 1357 616 1422 nudato
635 1380 654 1422 a
670 1356 826 1442 proximis
841 1354 992 1421 Numidis
1013 1356 1129 1421 iaculis

115 1454 378 1539 vulnerabantur3
410 1455 534 1539 equites
566 1459 673 1519 autem
704 1454 848 1518 hostium
878 1452 981 1537 pilum
1011 1453 1129 1519 militis

116 1573 211 1616 cursu
237 1552 330 1616 facile
357 1552 504 1616 vitabant
530 1589 574 1598 -
602 1551 699 1617 edicit
725 1573 783 1634 per
810 1550 948 1633 ordinae,
979 1571 1023 1615 ne
1056 1550 1129 1635 quis

82 1648 208 1712 smiles
241 1648 280 1712 ab
312 1648 414 1732 signis
443 1665 480 1711 1v
506 1647 602 1731 pedes
628 1648 758 1733 longius
784 1646 977 1730 procederet.
1028 1646 1129 1731 Equi·

117 1748 205 1809 tatus
240 1745 369 1809 interim
405 1743 539 1808 Labieni
577 1767 708 1810 suorum
744 1743 949 1808 multitudine
985 1744 1130 1809 confisus

121 1841 263 1906 Caesaris
291 1841 486 1923 paucitatem
515 1841 647 1906 circuire
679 1844 825 1907 conatur:
857 1840 982 1924 equites
1008 1838 1130 1905 Iuliani

118 1938 212 2022 pauci
233 1937 439 2002 multitudine
461 1937 604 2003 hostium
628 1939 744 2004 defessi
771 1937 861 2021 equis
890 1936 1130 2003 convulneratis

84 2034 275 2119 apaulatim
302 2034 425 2119 cedere;
451 2034 555 2098 hostis
582 2036 685 2121 magis
712 2036 878 2119 magisque
901 2034 1032 2099 instare.
1078 2033 1131 2099 Ita

119 2134 239 2216 puncto
261 2131 416 2214 temporis
440 2131 588 2195 omnibus
610 2131 797 2217 legionariis
820 2131 859 2195 ab
876 2129 1021 2194 hostium
1042 2132 1130 2216 equi·

118 2233 189 2292 tatu
221 2228 445 2293 circumventis
473 2227 680 2312 Caesarisque
712 2228 813 2312 copiis
844 2228 878 2291 in
905 2226 1015 2291 orbem
1045 2250 1130 2294 com·

118 2326 220 2409 pulsis
251 2325 337 2389 intra
369 2325 526 2389 cancellos
559 2346 669 2390 omnes
700 2324 836 2390 coniecti
866 2343 1010 2408 pugnare
1038 2345 1131 2410 coge

118 2423 244 2486 bantur.

85 2537 99 2585 1
184 2516 272 2583 XVI.
316 2516 476 2582 Labienus
509 2518 543 2582 in
575 2540 657 2601 equo
690 2518 793 2601 capite
825 2517 911 2582 nudo
942 2519 1066 2582 versari
1096 2517 1131 2582 in

119 2617 223 2700 prima
246 2615 325 2697 acie,
353 2614 450 2678 simul
473 2636 548 2678 suos
571 2615 745 2699 cohortari,
767 2636 1009 2698 nonnumquam
1029 2616 1131 2702 legio·

119 2713 226 2776 uarios
249 2710 393 2776 Caesaris
416 2710 462 2774 ita
485 2709 657 2794 appellare:
681 2710 778 2788 ‘Quid
802 2711 860 2795 tu',
882 2711 1001 2795 inquit,
1025 2711 1132 2778 ‘miles

120 2808 205 2872 tiro?
246 2806 326 2871 'lam
348 2807 510 2871 feroculus
533 2807 589 2871 es?
628 2806 696 2872 Vos
720 2829 847 2891 quoque
869 2807 931 2872 iste
953 2808 1063 2873 verbis
1085 2811 1132 2874 in·

120 2903 277 2967 fatuavit?
322 2901 361 2967 In
387 2924 537 2988 magnam
565 2905 744 2971 mehercule
773 2927 832 2970 ros
863 2904 1042 2989 periculum
1074 2907 1132 2971 im·

86 2999 212 3084 apulit.
248 2998 402 3064 Misereor
420 3001 540 3066 vestri?
575 3000 658 3066 Tum
676 3000 779 3087 milen,
798 3001 885 3068 ‘Non
904 3002 997 3085 sum',
1015 3002 1133 3087 inquit,

122 3097 211 3180 ‘tiro,
245 3094 397 3179 Labiene,
433 3098 490 3162 sed
522 3097 560 3162 de
591 3098 717 3184 legione
749 3117 774 3163 x
804 3099 993 3164 veteranus?
1048 3099 1133 3165 Tum

121 3193 291 3276 Labienus,
315 3191 400 3258 ‘Non
420 3195 579 3278 agnosco',
601 3195 716 3279 inquit,
740 3195 845 3280 ‘signa
863 3194 1134 3261 decumanorum?

88 3290 205 3354 3Tum
229 3289 274 3352 ait
295 3289 401 3353 miles:
430 3289 509 3355 ‘Iam
532 3314 596 3375 me,
621 3292 692 3376 quis
716 3293 792 3377 sim,
819 3291 1008 3378 intelleges'3
1036 3293 1136 3359 simul

123 3386 277 3451 cassidem
301 3385 338 3449 de
362 3387 464 3469 capita
492 3388 621 3472 deiecit,
648 3392 685 3452 ut
713 3390 863 3474 cognosci
891 3389 931 3453 ab
955 3411 992 3454 eo
1016 3394 1135 3474 posset,

124 3487 219 3568 atque
241 3483 289 3547 ita
309 3481 412 3566 pilum
435 3485 558 3549 viribus
582 3488 774 3572 contortum,
797 3486 875 3551 dum
897 3485 932 3550 in
954 3484 1136 3553 Labienum
