2414 3968
110 219 152 284 16
377 217 525 273 BELLUM
543 217 847 272 ALEXANDRINUM.

109 364 258 429 dentibus
281 364 396 429 studiis
424 362 579 447 militum3
606 384 665 426 nec
688 361 854 446 divulgata
877 360 1026 428 Caesaris
1049 361 1123 427 hor·

107 463 188 528 tatio
220 463 372 546 subsequi
404 460 569 545 legionum
601 463 658 523 aut
688 458 832 523 laborem
864 462 921 524 aut
951 460 1123 544 pugnandi

107 562 234 643 poterat
255 558 474 643 cupiditatem,
496 560 534 620 ut
553 557 658 642 magia
676 555 857 622 deterrendi
875 560 909 620 et
932 557 1122 622 continendi

107 679 127 720 a
143 655 423 740 periculosissimis
442 657 549 718 essent
567 653 827 718 dimicationibus
845 674 943 737 quam
962 653 1122 719 incitandi

107 753 148 817 ad
168 753 386 839 pugnandum.

73 865 87 915 1
173 848 294 915 XXHL
336 848 547 913 Alexandrini
590 870 663 913 cum
698 848 863 914 Romanos
900 852 933 914 et
970 851 1120 915 secundis

106 947 203 1011 rebus
234 946 417 1010 confirmari
447 949 479 1011 et
508 946 650 1010 adversis
679 945 808 1010 incitari
836 945 986 1011 riderent
1014 969 1120 1032 nequa

107 1043 211 1107 ullum
232 1042 310 1107 belli
337 1043 470 1107 tertium
494 1064 603 1107 casum
630 1047 774 1127 nossent,
805 1065 869 1128 quo
891 1048 1028 1127 possent
1051 1066 1120 1110 esse

105 1141 279 1225 firmiores,
301 1145 339 1205 ut
357 1141 540 1205 coniectura
558 1141 710 1224 consequi
728 1161 910 1224 possumus,
932 1144 991 1205 aut
1012 1142 1119 1207 admo

106 1239 169 1302 niti
196 1261 215 1302 a
241 1239 327 1324 regis
355 1238 480 1322 amicis,
510 1237 566 1322 qui
593 1237 628 1301 in
651 1235 796 1302 Caesaris
824 1241 917 1302 erant
937 1239 1119 1324 praesidiis,

108 1339 163 1400 aut
186 1357 244 1400 suo
266 1336 374 1420 priore
398 1334 532 1400 consilio
555 1356 613 1418 per
635 1335 779 1400 occultos
797 1335 930 1399 nuntios
952 1335 1025 1420 regi
1049 1358 1119 1421 pro

106 1434 199 1498 batos
213 1432 337 1519 legatos
353 1431 393 1495 ad
403 1430 570 1496 Caesarem
584 1431 751 1515 miserunt,
764 1435 803 1495 ut
817 1431 995 1496 dimitteret
1008 1454 1118 1520 regem

73 1530 306 1615 atransireque
334 1529 374 1593 ad
401 1551 477 1594 suos
505 1531 681 1612 pateretur:
710 1532 856 1612 paratam
879 1529 965 1593 enim
989 1550 1118 1597 omnem

107 1628 347 1694 multitudinem
370 1649 448 1710 esse,
472 1626 648 1691 confectam
672 1625 777 1689 taedio
801 1624 927 1708 puellae
949 1625 1118 1692 fiduciario

107 1746 216 1810 regno,
240 1724 457 1788 dominatione
481 1722 701 1787 crudelissima
720 1721 925 1806 Ganymedis,
947 1722 1056 1789 faeere
1079 1725 1118 1808 id,

108 1822 195 1906 quod
212 1843 269 1885 rex
286 1821 488 1904 imperasset3
512 1840 576 1902 quo
599 1819 627 1884 si
651 1822 780 1884 auctore
798 1819 833 1882 in
852 1817 998 1884 Caesaris
1020 1821 1118 1886 fidem

108 1917 345 1999 amicitiamque
376 1915 503 1980 venturi
539 1918 661 1999 essent,
696 1915 819 1979 nullius
854 1915 992 1999 periculi
1024 1918 1118 1982 timo

107 2036 175 2079 rem
198 2012 399 2078 multitudini
425 2011 495 2076 fore
517 2011 759 2098 impedimento,
790 2012 985 2096 quominus
1008 2036 1045 2078 se
1069 2015 1118 2080 de

108 2112 227 2176 darent.

73 2223 88 2270 1
173 2205 310 2272 XXIIII.
351 2206 467 2272 Caesar
499 2207 560 2272 etsi
592 2207 739 2271 fallacem
767 2211 896 2291 gentem
928 2228 1119 2292 semperque

107 2306 171 2372 alia
192 2306 397 2391 cogitantem,
420 2304 484 2369 alia
507 2303 712 2370 simulantem
734 2303 816 2367 bene
835 2301 999 2386 cognitam
1022 2301 1119 2368 habe

105 2405 176 2487 bat,
203 2407 311 2467 tumen
337 2403 522 2485 petentibus
546 2401 620 2465 dare
642 2399 770 2465 veniam
792 2399 872 2465 utile
896 2419 966 2463 csse
993 2400 1120 2485 statuIt,

108 2500 202 2585 quod,
220 2500 327 2583 siquo
345 2503 439 2582 paeto
459 2497 616 2563 sentirent
633 2519 679 2580 ea,
699 2517 779 2580 quae
797 2494 1010 2580 postularent,
1030 2518 1120 2561 man-

107 2619 219 2662 surum
241 2597 276 2661 in
296 2596 361 2660 fide
384 2595 553 2659 dimissum
575 2614 684 2678 regem
707 2593 869 2678 credebat,
892 2592 952 2677 sin,
974 2593 1009 2657 id
1032 2594 1121 2678 quod

106 2694 211 2778 magis
233 2692 365 2757 illorum
387 2696 521 2756 naturae
544 2691 767 2775 conveniebat,
795 2691 909 2755 ducem
932 2690 973 2754 ad
994 2690 1121 2757 bellum

108 2788 281 2874 gerendum
304 2809 413 2873 regern
435 2787 554 2851 habere
572 2786 701 2871 vellent,
724 2785 922 2870 splendidius
946 2791 1046 2872 atque
1063 2788 1121 2855 ho

107 2885 230 2949 nestius
257 2908 291 2950 se
315 2888 426 2950 contra
452 2905 562 2969 regem
586 2905 682 2967 quam
709 2888 821 2949 contra
843 2905 1062 2951 convenarum
1085 2908 1123 2952 ae

73 2996 89 3044 2
107 2981 319 3066 fugitivorum
336 3003 469 3046 manum
486 2980 608 3045 bellum
627 3002 696 3045 esse
715 2984 890 3064 gesturum.
935 2977 1053 3065 Itaque
1075 3003 1122 3047 re

108 3100 182 3164 gem
205 3078 398 3164 cohortatus,
421 3083 459 3144 ut
482 3077 662 3144 consuleret
683 3097 783 3161 regno
806 3080 950 3160 paterno,
972 3082 1124 3161 parceret

107 3174 379 3259 praeclarissimae
402 3176 533 3261 patriae,
557 3197 639 3260 quae
661 3175 810 3258 turpibus
829 3173 985 3239 incendiis
1005 3180 1040 3240 et
1057 3176 1127 3242 rui·

108 3271 159 3335 nis
183 3275 267 3336 esset
289 3271 477 3358 deformata,
507 3273 592 3337 cives
621 3293 696 3336 suos
719 3271 860 3355 primum
884 3270 924 3335 ad
947 3272 1125 3341 sanitatem

108 3371 285 3451 revocaret,
317 3367 429 3434 deinde
458 3371 673 3452 conservaret,
703 3368 800 3432 fidem
827 3367 948 3451 populo
970 3367 1124 3437 Romano

108 3464 234 3549 sibique
255 3467 441 3549 praestaret,
465 3487 538 3529 cum
561 3465 630 3548 ipse
653 3469 780 3529 tantum
799 3465 830 3529 ei
848 3465 999 3550 erederet,
1023 3471 1063 3532 ut
1083 3468 1127 3534 ad

73 3652 75 3655 Ι
107 3554 217 3626 hostes
245 3563 385 3626 armatos
412 3583 486 3626 eum
511 3561 669 3645 mitteret,
697 3560 809 3625 dextra
832 3560 978 3625 dextram
1005 3565 1126 3632 tenens
