2414 3968
426 220 502 277 cae.
521 220 754 278 xxxxvn-m.
1053 226 1096 289 33

88 365 258 430 constituit
282 364 459 449 exsolvere3
483 369 516 430 st
538 369 576 430 ut
597 365 779 451 largitionis
801 368 945 452 postulat
968 391 1096 435 consue·
1152 379 1156 392 '

88 462 180 546 tudo,
209 484 267 546 per
295 484 422 526 causam
449 462 655 527 liberalitatis
683 465 860 547 speciosam
886 465 980 548 plura
1001 466 1096 550 largi-

87 557 153 622 tori
168 556 410 641 quaerebantur.
442 557 601 624 Pecuniae
619 559 834 644 locupletibus
848 560 1096 646 imperabantur,
1115 580 1132 626 a

88 676 169 739 quas
191 653 358 738 Longinus
385 654 448 719 sibi
475 677 630 739 expensas
657 656 735 721 ferri
760 681 825 722 non
848 662 974 723 tantum
996 659 1095 742 patie-

86 753 197 834 batur,
225 753 281 816 sed
308 753 404 816 etiam
428 754 576 838 cogebat,
603 753 638 817 in
665 775 796 839 gregem
822 755 1032 839 locupletium
1056 756 1095 818 si-

86 848 275 913 mulationis
311 871 406 913 causa
442 854 555 914 tenues
591 851 823 937 coiciebantur,
858 875 961 937 neque
993 853 1096 917 ullum

87 967 190 1031 genus
213 950 365 1030 quaestus
388 951 445 1012 aut
467 947 577 1032 magni
600 952 633 1011 et
656 948 812 1013 evidentis
835 954 892 1014 aut
913 950 1040 1014 minimi
1063 954 1096 1014 et

86 1044 210 1108 sordidi
232 1043 563 1127 praetermittebatur,
594 1065 657 1127 quo
682 1045 795 1109 domus
818 1045 851 1111 et
874 1045 1017 1110 tribunal
1039 1046 1096 1109 im·

86 1140 244 1224 peratoris
266 1143 403 1205 vacaret.
447 1139 552 1206 Nemo
576 1145 657 1224 erat,
680 1142 736 1225 qui
758 1143 853 1207 modo
876 1143 1016 1227 aliquam
1034 1144 1095 1207 iac·
1114 1158 1130 1206 3

86 1242 193 1302 turam
216 1237 320 1301 facere
342 1241 466 1321 posset,
490 1237 568 1320 quin
587 1242 643 1301 aut
660 1238 842 1304 vadimonio
861 1243 1024 1304 teneretur
1040 1244 1096 1304 aut

86 1335 121 1399 in
144 1357 216 1399 reos
244 1335 425 1399 referretur.
471 1332 522 1397 Ita
548 1354 666 1418 magna
688 1336 785 1398 etiam
809 1336 991 1400 sollicitudo
1014 1338 1095 1419 peri-

89 1433 234 1497 culorum
263 1432 303 1495 ad
330 1432 469 1496 iacturas
497 1436 530 1495 et
557 1431 747 1495 detrimenta
773 1433 820 1496 rei
846 1432 1015 1496 familiaris
1044 1434 1095 1496 ad-

87 1530 289 1614 iungebatur.

152 1624 188 1688 L.
231 1623 368 1701 Quibus>
384 1625 422 1689 de
450 1625 555 1689 causis
587 1625 715 1709 accidit,
747 1630 796 1709 ut,
829 1649 901 1690 cum
927 1625 1128 1711 Longinusl

87 1723 261 1806 imperator
284 1721 394 1786 eadem
417 1720 550 1805 faceret,
578 1743 658 1806 quae
681 1722 801 1788 fecerat
815 1727 985 1807 quaestor,
1008 1723 1094 1786 simi-

86 1820 132 1884 lia
154 1841 266 1882 rursus
290 1819 329 1882 de
351 1821 456 1882 morte
479 1818 548 1881 eius
575 1819 787 1901 provinciales
810 1820 943 1884 consilia
967 1819 1093 1884 inirent.

86 1915 213 1979 Horum
241 1916 351 1979 odium
379 1915 611 1979 confirmabant
637 1917 784 1980 nonnulli
811 1916 985 1980 familiares
1012 1917 1128 2001 eius32

87 2011 144 2096 qui
167 2032 239 2074 cum
258 2011 292 2074 in
308 2009 367 2074 illa
386 2011 537 2075 societate
556 2016 759 2075 versarentur
776 2013 969 2096 rapinarum,
991 2013 1093 2077 nihilo

85 2103 193 2171 minus
218 2107 351 2170 oderant
373 2128 447 2171 eum
454 2155 463 2189 ,
486 2107 576 2170 cuius
598 2107 727 2169 nomine
749 2108 936 2191 peccabant,
959 2108 1093 2192 sibique,

87 2203 174 2290 quod
192 2207 372 2287 rapuerant,
395 2206 561 2285 acceptum
579 2203 768 2286 referebant,
787 2204 872 2287 quod
890 2204 1094 2268 interciderat

86 2305 144 2366 aut
166 2304 235 2365 erat
262 2299 514 2383 interpellatum,
539 2297 649 2362 Cassio
677 2299 895 2382 adsignabant.
942 2298 1127 2376 Quintama

85 2399 246 2484 legionem
278 2419 394 2462 novam
422 2395 603 2461 conscribit.
649 2392 797 2479 Augetur
826 2394 936 2459 odium
963 2399 996 2458 et
1022 2396 1092 2478 ipso

82 2496 204 2559 >dilectu
228 2497 261 2558 et
284 2497 416 2577 sumptu
439 2491 564 2557 additae
587 2491 732 2576 legionis,
779 2489 987 2575 complentur
1007 2492 1092 2575 equi-

85 2596 156 2655 tum
178 2608 218 2654 111
239 2589 330 2653 milia
351 2589 563 2673 maximisque
583 2592 737 2653 ornantur
755 2588 922 2673 impensis:
947 2609 1004 2652 nec
1022 2610 1093 2671 prc-

85 2688 209 2752 vinciae
232 2687 326 2751 datur
348 2686 414 2750 ulla
436 2686 572 2769 requies.

150 2783 203 2848 LI.
238 2782 373 2848 Interim
395 2783 521 2847 litteras
545 2783 668 2867 accepit
688 2805 708 2846 a
726 2781 868 2864 Caesare,
891 2784 928 2844 ut
950 2781 984 2844 in
1007 2779 1125 2848 Afri-1

86 2904 155 2947 cam
179 2881 353 2946 exercitum
375 2875 524 2944 traiceret
551 2901 671 2963 perque
693 2877 926 2964 Mauretaniam
949 2877 990 2940 ad
1011 2879 1091 2942 fines

84 2977 257 3043 Numidiae
283 2977 477 3061 perveniret,
508 2977 594 3060 quod
620 2996 738 3060 magna
761 2974 816 3039 Gn.
835 2973 989 3057 Pompeio
1011 2973 1092 3039 Iuba

84 3074 216 3137 miserat
231 3074 350 3138 auxilia
362 3075 547 3156 maioraque
560 3073 718 3137 missurus
733 3071 984 3136 existimabatur.
1016 3071 1090 3147 Qui·
1110 3091 1125 3137 a

85 3173 147 3235 bus
159 3169 277 3234 litteris
292 3173 430 3256 acceptis
445 3169 597 3235 insolenti
610 3170 776 3253 voluptate
791 3167 989 3252 efferebatur,
1006 3169 1091 3252 quod

85 3267 149 3333 sibi
171 3288 325 3331 novarum
351 3268 589 3353 provinciarum
611 3270 644 3330 et
670 3265 863 3330 fertilissimi
885 3265 978 3349 regni
1001 3268 1091 3328 tanta

85 3363 194 3430 oblata
216 3368 300 3428 esset
321 3365 464 3430 facultas.
510 3363 623 3447 Itaque
649 3363 718 3447 ipse
741 3363 776 3425 in
797 3361 997 3425 Lusitaniam
1018 3383 1090 3444 pro·
1109 3379 1124 3426 3

83 3459 239 3525 ficiscitur
257 3458 297 3522 ad
313 3460 456 3545 legiones
474 3461 676 3524 arcessendas
692 3459 873 3542 auxiliaque
893 3459 1089 3542 adducenda3

81 3558 180 3624 certis
202 3556 386 3621 hominibus
409 3558 463 3622 dat
489 3558 669 3642 negotium,
696 3560 734 3620 ut
759 3556 957 3620 frumentum
979 3577 1089 3619 naves·

138 3671 160 3712 c.
174 3669 278 3712 marus
294 3669 418 3710 ornans.
446 3671 490 3711 111.
914 3664 930 3712 3
