2414 3968
358 196 434 251 GAP.
453 196 817 252 XXXXIHI-XXXXVIH.
1052 200 1094 262 75

83 343 121 403 ut
148 333 215 403 suis
243 341 397 404 onerariis
423 331 755 425 longisque'navibus
787 343 947 427 praesidio
981 347 1096 427 essent,
1125 402 1128 408 .

82 437 125 500 ob
162 437 400 522 neglegentiam
436 438 632 522 ignominiae
672 460 767 502 causa
807 439 1015 504 dimittendos
1056 440 1095 503 ab

84 534 227 598 exercitu
250 534 539 619 gravissimumque
561 535 596 598 in
618 557 673 600 eos
696 535 836 601 edietum
854 537 1096 621 proponendum

82 631 217 695 curavit.

150 725 347 792 XXXXVII.
391 727 454 793 Per
476 729 510 793 id
532 732 660 813 tempus
683 730 749 794 fere
773 728 918 794 Caesaris
943 729 1097 794 exercitui
1112 747 1130 794 1

84 846 136 889 res
168 825 284 890 aeeidit
315 825 512 890 incredibilis
545 827 665 891 auditu.
714 825 864 912 Namque
890 827 1097 912 vergiliarum

73 923 178 1005 ’signo
206 921 351 986 confecto
379 922 506 988 circiter
533 923 645 1007 vigilia
672 924 811 988 secunda
836 924 942 989 noctis
968 923 1097 988 nimbus

40 1018 42 1022 ’
85 1040 158 1083 eum
190 1039 286 1082 saxea
317 1019 472 1103 grandine
504 1020 611 1084 subito
639 1024 689 1084 est
716 1025 847 1085 exortus
874 1022 996 1105 ingens.
1045 1018 1132 1085 Aua

83 1114 146 1180 hoc
169 1118 276 1180 autem
298 1116 538 1181 incommodum
563 1122 752 1201 accesserat,
781 1119 867 1203 quod
889 1115 1006 1182 Caesar
1031 1139 1097 1206 non

84 1234 173 1277 more
196 1212 397 1296 superiorum
414 1218 596 1298 temporum
614 1214 647 1278 in
665 1214 809 1279 hibernis
827 1215 1007 1279 exereitum
1025 1235 1098 1279 con-

82 1308 221 1393 tinebat,
249 1309 306 1374 sed
328 1310 363 1374 in
389 1309 487 1375 tertio
516 1314 694 1394 quartoque
721 1310 773 1375 die
800 1310 999 1395 procedendo
1024 1332 1097 1394 pro·

84 1407 221 1491 piusque
234 1406 361 1472 hostem
376 1407 552 1472 accedendo
572 1412 677 1472 eastra
695 1407 922 1490 eommunibat,
940 1428 1098 1491 opereque

83 1503 229 1568 faciendo
253 1503 373 1568 milites
391 1525 426 1568 se
444 1504 722 1588 circumspiciendi
738 1525 805 1568 non
822 1503 983 1568 habebant
1000 1502 1098 1566 facul·

84 1606 193 1666 tatem.
225 1598 396 1665 Praeterea
410 1600 457 1665 ita
473 1623 513 1666 ex
527 1600 639 1666 Sicilia
656 1601 832 1665 exercitum
851 1601 1098 1685 transportabat,
1116 1617 1132 1664 a

83 1703 123 1763 ut
144 1703 271 1783 praeter
293 1699 400 1782 ipsum
423 1698 560 1762 militem
584 1701 617 1763 et
641 1719 729 1761 arma
751 1719 810 1762 nec
829 1719 886 1762 ras
904 1720 963 1762 nee
980 1697 1097 1762 manci-

84 1796 175 1880 pium
193 1816 297 1879 neque
314 1795 415 1858 ullam
433 1817 510 1880 rem,
530 1817 611 1880 quae
630 1795 704 1859 usui
721 1794 819 1859 militi
836 1817 906 1860 esse
924 1793 1099 1876 consuevit,

86 1893 120 1956 in
137 1913 234 1955 naves
253 1891 376 1975 imponi
393 1895 564 1975 pateretur.
601 1890 640 1956 Iu
656 1890 768 1956 Africa
790 1895 897 1956 autem
919 1913 985 1955 non
1002 1890 1097 1955 modo
1116 1907 1134 1954 4

85 1988 149 2051 sibi
176 1987 347 2071 quicquam
374 2009 439 2051 non
470 1988 689 2073 adquisierant
721 1992 777 2053 aut
806 1991 1010 2073 paraverant,
1041 1987 1098 2050 sed

86 2085 184 2149 etiam
211 2087 343 2167 propter
371 2105 513 2148 annonae
542 2085 709 2149 caritatem
736 2088 810 2149 ante
836 2089 929 2169 parta
954 2105 1097 2148 consum-

86 2184 225 2265 pserant.
263 2178 386 2255 Quibus
405 2180 501 2243 rebus
520 2181 678 2245 attenuati
697 2180 814 2264 oppido
832 2202 986 2265 perquam
1004 2180 1098 2263 pauci
1116 2196 1133 2244 s

85 2277 147 2343 sub
174 2276 313 2361 pellibus
342 2276 562 2361 quiescebant,
593 2276 709 2359 reliqui
737 2298 777 2340 ex
804 2277 1004 2341 vestimentis
1031 2279 1097 2341 ten·

86 2373 212 2439 toriolis
239 2372 334 2437 factis
363 2375 459 2457 atque
486 2371 719 2435 harundinibus
747 2373 916 2455 scopisque
939 2372 1097 2436 contextis

84 2469 323 2556 permanebant.
364 2468 478 2554 Itaque
498 2469 606 2534 subito
625 2469 728 2533 imbre
751 2469 968 2554 grandineque
991 2486 1133 2534 conse-o

84 2572 161 2632 outa
183 2565 324 2651 gravatis
342 2565 483 2650 pondere
501 2564 649 2630 tentoriis
668 2586 887 2649 aquarumque
905 2566 938 2630 vi
956 2565 1098 2630 subrutis
1166 2589 1169 2595 ·

86 2664 301 2747 disiectisque,
323 2666 417 2726 nocte
440 2663 633 2746 intempesta
650 2662 781 2746 ignibus
800 2663 976 2747 exstinctis,
994 2663 1099 2748 rebus,

86 2784 168 2846 quae
191 2760 231 2824 ad
253 2760 374 2824 victum
397 2759 573 2844 pertinent,
600 2760 749 2824 omnibus
778 2760 938 2843 corruptis
965 2782 1023 2844 per
1050 2782 1098 2824 ca

85 2863 154 2922 stra
178 2857 298 2941 passim
325 2857 526 2942 vagabantur
552 2857 716 2940 scutisque
744 2857 851 2941 capita
878 2857 1097 2941 contegebant.

86 2955 208 3019 Eadem
230 2958 325 3019 nocte
346 2973 371 3018 v
393 2954 530 3038 legionis
552 2952 693 3037 pilorum
716 2954 882 3020 eacumina
904 2975 962 3018 sua
984 2958 1098 3039 sponte
1158 2972 1160 2976 ·

87 3054 241 3114 arserunt.
292 3057 295 3063 ’

153 3145 365 3213 XXXXVIH.
405 3147 477 3213 Rex
494 3148 624 3212 interim
643 3146 726 3213 Iuba
748 3148 787 3212 de
810 3149 952 3232 equestri
973 3147 1096 3233 proelio
1116 3166 1127 3218 1

89 3242 247 3328 Scipionis
271 3244 388 3309 certior
408 3245 513 3310 factus
536 3249 750 3329 evocatusque
773 3245 813 3308 ab
842 3245 953 3311 eodem
979 3245 1098 3310 litteris
1123 3263 1124 3266 ’

87 3341 248 3424 praefecto
272 3339 411 3406 Saburra
433 3363 507 3407 cum
529 3346 620 3426 parte
643 3343 801 3407 exercitus
830 3347 941 3408 contra
965 3341 1098 3407 Sittium

87 3436 209 3520 relicto,
232 3440 268 3500 ut
286 3459 393 3503 seeum
412 3439 480 3523 ipse
500 3438 622 3523 aliquid
641 3440 844 3504 auctoritatis
863 3440 993 3505 adderet
1013 3461 1100 3505 exer-

88 3534 167 3599 citui
186 3532 344 3618 Scipionis
368 3558 404 3601 ac
426 3538 582 3601 terrorem
601 3535 754 3622 Caesaris,
777 3558 850 3601 eum
872 3537 977 3600 tribus
1000 3535 1099 3620 legio·
