2414 3968
258 951 456 1042 BELLUM
482 950 883 1026 ALEXANDRINUM.

132 1247 157 1313 I.
192 1248 284 1314 Bello
303 1247 521 1313 Alexandrino
544 1250 682 1314 conflato
702 1246 818 1313 Caesar
837 1248 953 1314 Rhodo
976 1253 1073 1334 atque
1092 1267 1123 1315 1*

65 1369 106 1410 ex
139 1344 233 1430 Syria
266 1345 439 1430 Ciliciaque
472 1369 601 1411 omnem
632 1346 767 1411 classem
799 1347 946 1432 arcessit3
979 1345 1074 1412 Creta

66 1444 259 1529 sagittarios,
282 1444 406 1528 equites
430 1444 469 1508 ab
493 1465 568 1529 rege
588 1443 828 1509 Nabataeorum
849 1442 977 1507 Malcho
1002 1466 1072 1508 evo·
1164 1494 1165 1499 η

66 1545 132 1625 cat3
161 1545 322 1605 tormenta
349 1541 490 1625 undique
518 1542 664 1625 conquiri
691 1545 724 1605 et
751 1540 950 1606 frumentum
976 1541 1073 1624 mitti,

66 1639 186 1702 auxilia
204 1638 318 1702 adduci
336 1639 433 1702 iubet.
469 1637 604 1703 Interim
621 1639 817 1704 munitiones
836 1638 952 1703 cotidie
971 1640 1072 1722 operi·
1092 1654 1107 1700 2

65 1735 126 1799 bus
150 1739 308 1819 augentur
330 1739 426 1826 atque
449 1756 560 1799 omnes
583 1736 693 1820 oppidi
713 1739 838 1819 partes,
861 1758 942 1820 quae
965 1737 1073 1800 minus

67 1854 136 1896 esse
158 1833 269 1896 firmae
292 1832 455 1916 videntur,
482 1833 698 1898 testudinibus
722 1855 759 1897 ac
785 1832 939 1897 musculis
963 1835 1072 1916 aptan-

67 1933 134 2012 tur;
157 1951 197 1993 ex
215 1928 368 1992 aedificiis
387 1933 495 1993 autem
516 1953 575 2013 per
591 1931 751 1995 foramina
768 1931 803 1994 in
819 1931 968 2014 proxima
990 1930 1072 1994 aedi-

67 2024 141 2088 ficia
154 2025 269 2089 arietes
282 2025 511 2109 immittuntur,
520 2030 738 2111 quantumque
752 2032 809 2092 aut
821 2028 923 2091 ruinis
938 2027 1072 2091 deicitur

68 2126 125 2186 aut
145 2122 286 2205 pervim
309 2122 462 2204 recipitur
482 2122 559 2204 loci,
581 2124 616 2185 in
637 2127 765 2187 tantum
786 2124 982 2188 munitiones
1000 2146 1072 2207 pro-

66 2220 222 2284 feruntur.
266 2217 353 2283 Nam
375 2217 414 2281 ab
441 2217 586 2282 incendio
614 2219 680 2283 fere
702 2223 775 2283 tuta
796 2224 846 2284 est
867 2218 1072 2303 Alexandria,
1091 2235 1106 2281 3

67 2317 154 2402 quod
181 2316 250 2380 sine
278 2314 518 2400 contignatione
546 2337 583 2379 ac
608 2316 744 2379 materia
770 2320 847 2380 sunt
873 2316 1018 2380 aedificia
1040 2320 1073 2379 et

67 2414 238 2479 structuris
265 2434 301 2477 ac
324 2411 502 2476 fornicibus
524 2413 728 2478 continentur
749 2416 897 2497 tectaque
922 2415 1000 2475 sunt
1020 2433 1071 2475 ru·

67 2513 141 2577 dere
155 2515 211 2576 aut
223 2510 425 2595 pavimentis.
455 2508 572 2575 Caesar
584 2510 723 2575 maxime
736 2509 895 2593 studebat,
910 2512 957 2592 ut,
974 2530 1071 2592 quarn
1089 2525 1107 2571 4

67 2609 328 2695 angustissimam
345 2611 471 2691 partem
488 2608 599 2692 oppidi
616 2608 709 2692 palus
723 2630 743 2671 a
754 2607 887 2674 meridie
904 2605 1077 2670 interiecta

67 2707 239 2790 efficiebat,
261 2706 344 2770 hanc
367 2705 517 2789 operibus
540 2705 705 2790 vineisque
729 2705 861 2790 agendis
884 2703 924 2768 ab
948 2703 1072 2788 reliqua

66 2808 156 2888 parte
185 2802 275 2868 urbis
305 2801 500 2888 excluderet,
533 2803 613 2867 illud
643 2807 806 2887 spectans,
837 2802 993 2885 primum,
1024 2804 1106 2879 uto

67 2901 196 2966 cumin
220 2900 298 2964 duas
320 2903 428 2983 partes
452 2903 537 2964 esset
558 2901 636 2964 urbs
660 2900 775 2984 divisa,
804 2899 888 2963 acies
910 2919 974 2962 uno
998 2919 1079 2962 con·v

68 2998 139 3062 silio
168 3002 263 3082 atque
291 2997 425 3081 imperio
453 2995 743 3080 administraretur,
763 2996 898 3079 deinde,
925 2999 962 3059 ut
984 2995 1071 3060 labo-

66 3095 212 3160 rantibus
226 3094 369 3159 succurri
387 3097 483 3176 atque
501 3116 542 3157 ex
560 3094 661 3158 altera
678 3094 789 3178 oppidi
805 3096 896 3177 parte
915 3092 1071 3157 auxilium

67 3193 144 3281 ¹ferri
165 3197 288 3277 posset,
317 3191 466 3275 inprimis
487 3212 577 3274 vero,
604 3196 642 3255 ut
664 3214 748 3276 aqua
768 3191 950 3275 pabuloque
974 3189 1071 3254 abun·
1155 3255 1157 3260 ,

68 3292 171 3374 daret,
202 3313 337 3373 quarum
365 3290 497 3354 alterius
524 3288 571 3353 rei
598 3288 723 3371 copiam
747 3288 910 3372 exiguam,
940 3286 1072 3351 alterius

66 3385 189 3451 nullam
219 3387 348 3451 omnino
377 3385 564 3450 facultatem
595 3385 751 3471 habebat3
783 3384 869 3469 quod
900 3387 1072 3467 utrumque

64 3483 156 3568 large
178 3484 272 3567 palus
294 3484 447 3567 praebere
468 3486 603 3566 poterat.

881 3584 914 3637 1·
