<?xml version="1.0" encoding="UTF-8"?>
<!DOCTYPE html PUBLIC "-//W3C//DTD XHTML 1.0 Transitional//EN"
    "http://www.w3.org/TR/xhtml1/DTD/xhtml1-transitional.dtd">
<html xmlns="http://www.w3.org/1999/xhtml" xml:lang="en" lang="en">
 <head>
  <title>
</title>
<meta http-equiv="Content-Type" content="text/html;charset=utf-8" />
  <meta name='ocr-system' content='tesseract 3.04.00' />
  <meta name='ocr-capabilities' content='ocr_page ocr_carea ocr_par ocr_line ocrx_word'/>
</head>
<body>
  <div class='ocr_page' id='page_1' title='image "./commentariicuma00wlgoog_0161.png"; bbox 0 0 2414 3968; ppageno 0'>
   <div class='ocr_carea' id='block_1_1' title="bbox 80 174 692 230">
    <p class='ocr_par' dir='ltr' id='par_1_1' title="bbox 80 174 692 230">
     <span class='ocr_line' id='line_1_1' title="bbox 80 174 692 230; baseline -0.005 0"><span class='ocrx_word' id='word_1_1' title='bbox 80 177 148 230; x_wconf 87' lang='lat' dir='ltr'><strong>VIII</strong></span> <span class='ocrx_word' id='word_1_2' title='bbox 479 174 692 230; x_wconf 81' lang='lat' dir='ltr'><strong>PRAEFATIO.</strong></span> 
     </span>
    </p>
   </div>
   <div class='ocr_carea' id='block_1_2' title="bbox 81 326 1102 760">
    <p class='ocr_par' dir='ltr' id='par_1_2' title="bbox 81 326 1102 580">
     <span class='ocr_line' id='line_1_2' title="bbox 82 326 1102 404; baseline 0.002 -16"><span class='ocrx_word' id='word_1_3' title='bbox 82 331 156 388; x_wconf 90' lang='lat' dir='ltr'>runt</span> <span class='ocrx_word' id='word_1_4' title='bbox 173 330 227 388; x_wconf 89' lang='lat' dir='ltr'>aut</span> <span class='ocrx_word' id='word_1_5' title='bbox 245 328 399 404; x_wconf 83' lang='lat' dir='ltr'>opuscula,</span> <span class='ocrx_word' id='word_1_6' title='bbox 424 345 501 403; x_wconf 91' lang='lat' dir='ltr'>quae</span> <span class='ocrx_word' id='word_1_7' title='bbox 520 327 708 402; x_wconf 76' lang='lat' dir='ltr'>scripserant,</span> <span class='ocrx_word' id='word_1_8' title='bbox 727 343 784 384; x_wconf 87' lang='lat' dir='ltr'>sua</span> <span class='ocrx_word' id='word_1_9' title='bbox 803 328 911 401; x_wconf 91' lang='lat' dir='ltr'>sponte</span> <span class='ocrx_word' id='word_1_10' title='bbox 933 326 1017 390; x_wconf 93' lang='lat' dir='ltr'>dono</span> <span class='ocrx_word' id='word_1_11' title='bbox 1034 330 1102 389; x_wconf 93' lang='lat' dir='ltr'>mihi</span> 
     </span>
     <span class='ocr_line' id='line_1_3' title="bbox 82 412 1101 495; baseline 0.003 -19"><span class='ocrx_word' id='word_1_12' title='bbox 82 418 236 493; x_wconf 70' lang='lat' dir='ltr'>miserunt</span> <span class='ocrx_word' id='word_1_13' title='bbox 259 417 373 495; x_wconf 78' lang='lat' dir='ltr'><strong>gratias</strong></span> <span class='ocrx_word' id='word_1_14' title='bbox 397 435 453 494; x_wconf 87' lang='lat' dir='ltr'>ago</span> <span class='ocrx_word' id='word_1_15' title='bbox 478 435 568 492; x_wconf 89' lang='lat' dir='ltr'>quam</span> <span class='ocrx_word' id='word_1_16' title='bbox 591 414 743 474; x_wconf 85' lang='lat' dir='ltr'>maximas.</span> <span class='ocrx_word' id='word_1_17' title='bbox 780 412 864 482; x_wconf 84' lang='lat' dir='ltr'>Quae</span> <span class='ocrx_word' id='word_1_18' title='bbox 887 421 1101 491; x_wconf 90' lang='lat' dir='ltr'>praetereain</span> 
     </span>
     <span class='ocr_line' id='line_1_4' title="bbox 81 504 1101 580; baseline 0.002 -14"><span class='ocrx_word' id='word_1_19' title='bbox 81 525 170 566; x_wconf 87' lang='lat' dir='ltr'>usum</span> <span class='ocrx_word' id='word_1_20' title='bbox 193 507 329 566; x_wconf 89' lang='lat' dir='ltr'>nostrum</span> <span class='ocrx_word' id='word_1_21' title='bbox 347 506 556 580; x_wconf 80' lang='lat' dir='ltr'>convertimus,</span> <span class='ocrx_word' id='word_1_22' title='bbox 580 522 615 564; x_wconf 91' lang='lat' dir='ltr'>ea</span> <span class='ocrx_word' id='word_1_23' title='bbox 634 522 687 563; x_wconf 88' lang='lat' dir='ltr'>suo</span> <span class='ocrx_word' id='word_1_24' title='bbox 706 504 772 563; x_wconf 89' lang='lat' dir='ltr'>loco</span> <span class='ocrx_word' id='word_1_25' title='bbox 790 508 1101 568; x_wconf 75' lang='lat' dir='ltr'>commemoravimus.</span> 
     </span>
    </p>

    <p class='ocr_par' dir='ltr' id='par_1_3' title="bbox 82 591 1101 760">
     <span class='ocr_line' id='line_1_5' title="bbox 171 591 1101 672; baseline 0.004 -19"><span class='ocrx_word' id='word_1_26' title='bbox 171 595 420 672; x_wconf 65' lang='lat' dir='ltr'>Fragmentorum</span> <span class='ocrx_word' id='word_1_27' title='bbox 448 594 580 653; x_wconf 82' lang='lat' dir='ltr'>ordinem</span> <span class='ocrx_word' id='word_1_28' title='bbox 606 593 655 651; x_wconf 92' lang='lat' dir='ltr'>hic</span> <span class='ocrx_word' id='word_1_29' title='bbox 677 591 739 651; x_wconf 91' lang='lat' dir='ltr'>illic</span> <span class='ocrx_word' id='word_1_30' title='bbox 766 593 898 669; x_wconf 86' lang='lat' dir='ltr'>mutavi,</span> <span class='ocrx_word' id='word_1_31' title='bbox 928 613 1034 671; x_wconf 88' lang='lat' dir='ltr'>pauca</span> <span class='ocrx_word' id='word_1_32' title='bbox 1056 598 1101 656; x_wconf 89' lang='lat' dir='ltr'>ad·</span> 
     </span>
     <span class='ocr_line' id='line_1_6' title="bbox 82 681 1100 760; baseline 0.003 -17"><span class='ocrx_word' id='word_1_33' title='bbox 82 683 156 760; x_wconf 83' lang='lat' dir='ltr'>didi,</span> <span class='ocrx_word' id='word_1_34' title='bbox 180 684 327 759; x_wconf 87' lang='lat' dir='ltr'>quaedam</span> <span class='ocrx_word' id='word_1_35' title='bbox 351 683 456 759; x_wconf 87' lang='lat' dir='ltr'>abieci,</span> <span class='ocrx_word' id='word_1_36' title='bbox 480 683 564 742; x_wconf 83' lang='lat' dir='ltr'>velut</span> <span class='ocrx_word' id='word_1_37' title='bbox 586 682 801 759; x_wconf 79' lang='lat' dir='ltr'>Fmgmentnm</span> <span class='ocrx_word' id='word_1_38' title='bbox 830 681 1013 744; x_wconf 89' lang='lat' dir='ltr'>Plinianum</span> <span class='ocrx_word' id='word_1_39' title='bbox 1036 687 1100 746; x_wconf 87' lang='lat' dir='ltr'>Nat.</span> 
     </span>
    </p>
   </div>
   <div class='ocr_carea' id='block_1_3' title="bbox 80 768 1101 940">
    <p class='ocr_par' dir='ltr' id='par_1_4' title="bbox 80 768 1101 940">
     <span class='ocr_line' id='line_1_7' title="bbox 80 768 1100 853; baseline 0.006 -22"><span class='ocrx_word' id='word_1_40' title='bbox 80 773 159 832; x_wconf 87' lang='lat' dir='ltr'>Hist.</span> <span class='ocrx_word' id='word_1_41' title='bbox 173 773 251 848; x_wconf 73' lang='lat' dir='ltr'><strong>XIX,</strong></span> <span class='ocrx_word' id='word_1_42' title='bbox 268 775 330 831; x_wconf 91' lang='grc'>144</span> <span class='ocrx_word' id='word_1_43' title='bbox 348 768 397 848; x_wconf 85' lang='lat' dir='ltr'>(cf.</span> <span class='ocrx_word' id='word_1_44' title='bbox 407 772 544 831; x_wconf 84' lang='lat' dir='ltr'>Teuffelii</span> <span class='ocrx_word' id='word_1_45' title='bbox 558 770 670 831; x_wconf 88' lang='lat' dir='ltr'>Hister.</span> <span class='ocrx_word' id='word_1_46' title='bbox 680 769 785 828; x_wconf 89' lang='lat' dir='ltr'>Litter.</span> <span class='ocrx_word' id='word_1_47' title='bbox 795 769 922 830; x_wconf 88' lang='lat' dir='ltr'>Roman.</span> <span class='ocrx_word' id='word_1_48' title='bbox 939 771 1050 852; x_wconf 74' lang='lat'>§195,</span> <span class='ocrx_word' id='word_1_49' title='bbox 1062 773 1100 853; x_wconf 84' lang='lat'>3),</span> 
     </span>
     <span class='ocr_line' id='line_1_8' title="bbox 81 858 1101 940; baseline 0.006 -20"><span class='ocrx_word' id='word_1_50' title='bbox 81 862 241 940; x_wconf 75' lang='lat' dir='ltr'>diligenter</span> <span class='ocrx_word' id='word_1_51' title='bbox 267 864 485 937; x_wconf 79' lang='lat' dir='ltr'>perscrutatus,</span> <span class='ocrx_word' id='word_1_52' title='bbox 510 878 705 935; x_wconf 88' lang='lat' dir='ltr'>quaecunque</span> <span class='ocrx_word' id='word_1_53' title='bbox 733 858 769 917; x_wconf 90' lang='lat' dir='ltr'>de</span> <span class='ocrx_word' id='word_1_54' title='bbox 797 859 843 918; x_wconf 90' lang='lat' dir='ltr'>his</span> <span class='ocrx_word' id='word_1_55' title='bbox 871 860 970 922; x_wconf 61' lang='lat' dir='ltr'>rebus*</span> <span class='ocrx_word' id='word_1_56' title='bbox 990 882 1010 924; x_wconf 91' lang='lat' dir='ltr'>a</span> <span class='ocrx_word' id='word_1_57' title='bbox 1034 866 1101 925; x_wconf 82' lang='lat' dir='ltr'>viris</span> 
     </span>
    </p>
   </div>
   <div class='ocr_carea' id='block_1_4' title="bbox 80 946 1101 1825">
    <p class='ocr_par' dir='ltr' id='par_1_5' title="bbox 80 946 1100 1470">
     <span class='ocr_line' id='line_1_9' title="bbox 81 946 1099 1026; baseline 0.005 -17"><span class='ocrx_word' id='word_1_58' title='bbox 81 950 176 1011; x_wconf 89' lang='lat' dir='ltr'>doctis</span> <span class='ocrx_word' id='word_1_59' title='bbox 196 950 308 1026; x_wconf 84' lang='lat' dir='ltr'>scripta</span> <span class='ocrx_word' id='word_1_60' title='bbox 325 950 357 1008; x_wconf 91' lang='lat' dir='ltr'>in</span> <span class='ocrx_word' id='word_1_61' title='bbox 375 950 471 1009; x_wconf 91' lang='lat' dir='ltr'>lucem</span> <span class='ocrx_word' id='word_1_62' title='bbox 490 949 673 1025; x_wconf 82' lang='lat' dir='ltr'>prodierunt,</span> <span class='ocrx_word' id='word_1_63' title='bbox 690 946 828 1023; x_wconf 89' lang='lat' dir='ltr'>inprimis</span> <span class='ocrx_word' id='word_1_64' title='bbox 843 947 983 1010; x_wconf 84' lang='lat' dir='ltr'>Schlittii</span> <span class='ocrx_word' id='word_1_65' title='bbox 996 953 1099 1014; x_wconf 88' lang='lat' dir='ltr'>disser-</span> 
     </span>
     <span class='ocr_line' id='line_1_10' title="bbox 80 1036 1099 1120; baseline 0.001 -21"><span class='ocrx_word' id='word_1_66' title='bbox 80 1039 227 1099; x_wconf 82' lang='lat' dir='ltr'>tationem</span> <span class='ocrx_word' id='word_1_67' title='bbox 250 1039 286 1098; x_wconf 90' lang='lat' dir='ltr'>de</span> <span class='ocrx_word' id='word_1_68' title='bbox 310 1038 443 1098; x_wconf 74' lang='lat' dir='ltr'>(laesuris</span> <span class='ocrx_word' id='word_1_69' title='bbox 467 1038 551 1096; x_wconf 89' lang='lat' dir='ltr'>libris</span> <span class='ocrx_word' id='word_1_70' title='bbox 574 1036 776 1116; x_wconf 78' lang='lat' dir='ltr'>grammaticis</span> <span class='ocrx_word' id='word_1_71' title='bbox 799 1040 830 1095; x_wconf 88' lang='lat' dir='ltr'>et</span> <span class='ocrx_word' id='word_1_72' title='bbox 853 1037 990 1114; x_wconf 86' lang='lat' dir='ltr'>Dyroffii</span> <span class='ocrx_word' id='word_1_73' title='bbox 1016 1063 1099 1120; x_wconf 87' lang='lat' dir='ltr'>opus·</span> 
     </span>
     <span class='ocr_line' id='line_1_11' title="bbox 81 1124 1099 1211; baseline 0.006 -24"><span class='ocrx_word' id='word_1_74' title='bbox 81 1129 184 1187; x_wconf 90' lang='lat' dir='ltr'>culum</span> <span class='ocrx_word' id='word_1_75' title='bbox 202 1127 238 1186; x_wconf 90' lang='lat' dir='ltr'>de</span> <span class='ocrx_word' id='word_1_76' title='bbox 252 1128 431 1188; x_wconf 86' lang='lat' dir='ltr'>Anticatone</span> <span class='ocrx_word' id='word_1_77' title='bbox 452 1124 540 1204; x_wconf 73' lang='lat' dir='ltr'>(Mur.</span> <span class='ocrx_word' id='word_1_78' title='bbox 555 1127 648 1186; x_wconf 87' lang='lat' dir='ltr'>Rhen.</span> <span class='ocrx_word' id='word_1_79' title='bbox 662 1126 728 1186; x_wconf 82' lang='lat' dir='ltr'>Vol.</span> <span class='ocrx_word' id='word_1_80' title='bbox 742 1124 780 1202; x_wconf 83' lang='lat' dir='ltr'>L,</span> <span class='ocrx_word' id='word_1_81' title='bbox 802 1126 898 1202; x_wconf 79' lang='lat'>1895,</span> <span class='ocrx_word' id='word_1_82' title='bbox 912 1147 945 1203; x_wconf 87' lang='lat' dir='ltr'>p.</span> <span class='ocrx_word' id='word_1_83' title='bbox 957 1131 1024 1191; x_wconf 85' lang='lat'>481</span> <span class='ocrx_word' id='word_1_84' title='bbox 1037 1130 1099 1211; x_wconf 88' lang='lat' dir='ltr'>sq.).</span> 
     </span>
     <span class='ocr_line' id='line_1_12' title="bbox 80 1215 1100 1298; baseline 0.007 -23"><span class='ocrx_word' id='word_1_85' title='bbox 80 1216 186 1275; x_wconf 81' lang='lat' dir='ltr'>Adieci</span> <span class='ocrx_word' id='word_1_86' title='bbox 204 1216 339 1276; x_wconf 88' lang='lat' dir='ltr'>tabulam</span> <span class='ocrx_word' id='word_1_87' title='bbox 357 1218 516 1277; x_wconf 83' lang='lat' dir='ltr'>Fastorum</span> <span class='ocrx_word' id='word_1_88' title='bbox 534 1216 721 1276; x_wconf 89' lang='lat' dir='ltr'>Iulianorum</span> <span class='ocrx_word' id='word_1_89' title='bbox 739 1216 769 1272; x_wconf 89' lang='lat' dir='ltr'>et</span> <span class='ocrx_word' id='word_1_90' title='bbox 791 1215 873 1293; x_wconf 88' lang='lat' dir='ltr'>leges</span> <span class='ocrx_word' id='word_1_91' title='bbox 892 1216 1004 1297; x_wconf 79' lang='lat' dir='ltr'>Iulias,</span> <span class='ocrx_word' id='word_1_92' title='bbox 1029 1241 1100 1298; x_wconf 82' lang='lat' dir='ltr'>quas</span> 
     </span>
     <span class='ocr_line' id='line_1_13' title="bbox 81 1303 1100 1383; baseline 0.006 -19"><span class='ocrx_word' id='word_1_93' title='bbox 81 1306 235 1383; x_wconf 85' lang='lat' dir='ltr'>colligenti</span> <span class='ocrx_word' id='word_1_94' title='bbox 266 1305 340 1364; x_wconf 90' lang='lat' dir='ltr'>mihi</span> <span class='ocrx_word' id='word_1_95' title='bbox 376 1306 473 1366; x_wconf 89' lang='lat' dir='ltr'>denuo</span> <span class='ocrx_word' id='word_1_96' title='bbox 506 1305 648 1380; x_wconf 86' lang='lat' dir='ltr'>reliquias</span> <span class='ocrx_word' id='word_1_97' title='bbox 685 1322 809 1379; x_wconf 88' lang='lat' dir='ltr'>operum</span> <span class='ocrx_word' id='word_1_98' title='bbox 847 1303 1100 1372; x_wconf 66' lang='lat' dir='ltr'>caesarianorum</span> 
     </span>
     <span class='ocr_line' id='line_1_14' title="bbox 81 1395 671 1470; baseline 0 -17"><span class='ocrx_word' id='word_1_99' title='bbox 81 1395 362 1470; x_wconf 87' lang='lat' dir='ltr'>praetermittendas</span> <span class='ocrx_word' id='word_1_100' title='bbox 387 1414 447 1455; x_wconf 95' lang='lat' dir='ltr'>non</span> <span class='ocrx_word' id='word_1_101' title='bbox 470 1412 533 1453; x_wconf 84' lang='lat' dir='ltr'>esse</span> <span class='ocrx_word' id='word_1_102' title='bbox 555 1395 671 1469; x_wconf 85' lang='lat' dir='ltr'>putavi.</span> 
     </span>
    </p>

    <p class='ocr_par' dir='ltr' id='par_1_6' title="bbox 80 1481 1101 1825">
     <span class='ocr_line' id='line_1_15' title="bbox 171 1481 1100 1561; baseline 0.005 -18"><span class='ocrx_word' id='word_1_103' title='bbox 171 1482 291 1543; x_wconf 86' lang='lat' dir='ltr'>Gratias</span> <span class='ocrx_word' id='word_1_104' title='bbox 305 1483 432 1559; x_wconf 90' lang='lat' dir='ltr'>denique</span> <span class='ocrx_word' id='word_1_105' title='bbox 447 1502 504 1561; x_wconf 89' lang='lat' dir='ltr'>ago</span> <span class='ocrx_word' id='word_1_106' title='bbox 519 1483 621 1542; x_wconf 84' lang='lat' dir='ltr'>amicis</span> <span class='ocrx_word' id='word_1_107' title='bbox 635 1482 785 1541; x_wconf 82' lang='lat' dir='ltr'>Friderico</span> <span class='ocrx_word' id='word_1_108' title='bbox 801 1481 907 1542; x_wconf 84' lang='lat' dir='ltr'>Schlee</span> <span class='ocrx_word' id='word_1_109' title='bbox 922 1488 956 1544; x_wconf 88' lang='lat' dir='ltr'>et</span> <span class='ocrx_word' id='word_1_110' title='bbox 971 1487 1100 1551; x_wconf 81' lang='lat' dir='ltr'>Rudolfo</span> 
     </span>
     <span class='ocr_line' id='line_1_16' title="bbox 80 1570 1100 1654; baseline 0.008 -24"><span class='ocrx_word' id='word_1_111' title='bbox 80 1570 182 1648; x_wconf 78' lang='lat' dir='ltr'>Helm,</span> <span class='ocrx_word' id='word_1_112' title='bbox 210 1573 263 1648; x_wconf 91' lang='lat' dir='ltr'>qui</span> <span class='ocrx_word' id='word_1_113' title='bbox 289 1573 322 1630; x_wconf 91' lang='lat' dir='ltr'>in</span> <span class='ocrx_word' id='word_1_114' title='bbox 348 1571 530 1650; x_wconf 87' lang='lat' dir='ltr'>corrigendis</span> <span class='ocrx_word' id='word_1_115' title='bbox 557 1572 688 1649; x_wconf 85' lang='lat' dir='ltr'>plagulis</span> <span class='ocrx_word' id='word_1_116' title='bbox 719 1590 766 1629; x_wconf 89' lang='lat' dir='ltr'>me</span> <span class='ocrx_word' id='word_1_117' title='bbox 800 1571 1004 1654; x_wconf 83' lang='lat' dir='ltr'>adiuverunt,</span> <span class='ocrx_word' id='word_1_118' title='bbox 1033 1579 1100 1638; x_wconf 90' lang='lat' dir='ltr'>item</span> 
     </span>
     <span class='ocr_line' id='line_1_17' title="bbox 83 1658 1101 1738; baseline 0.009 -19"><span class='ocrx_word' id='word_1_119' title='bbox 83 1658 231 1720; x_wconf 85' lang='lat' dir='ltr'>Gulielmo</span> <span class='ocrx_word' id='word_1_120' title='bbox 254 1660 450 1735; x_wconf 86' lang='lat' dir='ltr'>Nachstaedt,</span> <span class='ocrx_word' id='word_1_121' title='bbox 475 1661 528 1736; x_wconf 90' lang='lat' dir='ltr'>qui</span> <span class='ocrx_word' id='word_1_122' title='bbox 550 1663 660 1738; x_wconf 88' lang='lat' dir='ltr'>rogatu</span> <span class='ocrx_word' id='word_1_123' title='bbox 687 1679 752 1719; x_wconf 93' lang='lat' dir='ltr'>meo</span> <span class='ocrx_word' id='word_1_124' title='bbox 779 1659 910 1720; x_wconf 89' lang='lat' dir='ltr'>indicem</span> <span class='ocrx_word' id='word_1_125' title='bbox 944 1668 1101 1727; x_wconf 86' lang='lat' dir='ltr'>nominum</span> 
     </span>
     <span class='ocr_line' id='line_1_18' title="bbox 80 1749 256 1825; baseline -0.006 -17"><span class='ocrx_word' id='word_1_126' title='bbox 80 1749 256 1825; x_wconf 90' lang='lat' dir='ltr'>composuit.</span> 
     </span>
    </p>
   </div>
   <div class='ocr_carea' id='block_1_5' title="bbox 0 0 1212 3968">
    <p class='ocr_par' dir='ltr' id='par_1_7' title="bbox 0 0 1212 3968">
     <span class='ocr_line' id='line_1_19' title="bbox 0 0 1212 3968; baseline 0 1"><span class='ocrx_word' id='word_1_127' title='bbox 0 0 1212 3968; x_wconf 95' lang='lat' dir='ltr'> </span> 
     </span>
    </p>
   </div>
  </div>
 </body>
</html>
