2414 3968
115 179 158 243 84
448 174 596 229 BELLUM
614 172 784 227 eumcum

111 322 239 406 Leptim
260 321 415 405 misisset,
438 320 472 385 in
494 318 608 383 itinere
631 318 834 401 praedatores
858 318 986 401 equites
1011 315 1123 383 Numi·

113 421 168 484 das
193 420 406 504 Gaetulosque
428 441 466 483 ex
489 418 664 502 improviso
683 415 789 480 adorti
806 415 936 479 circiter
959 431 981 479 c
1005 415 1124 498 partim

79 534 94 581 e
113 516 304 598 occiderunt,
322 515 441 598 partim
454 515 602 578 vivorum
619 513 716 598 potiti
735 516 818 577 sunt
856 509 977 576 Caesar
993 511 1124 576 interim

113 612 228 677 cotidie
247 611 390 696 legiones
409 611 442 674 in
462 632 609 694 campum
629 609 782 674 deducere
800 611 898 692 atque
916 630 1002 692 opus
1022 609 1124 674 facere

112 709 296 793 vallumque
319 712 352 771 et
373 708 494 772 fossam
516 729 574 791 per
596 707 737 772 medium
760 728 909 789 campum
932 705 1055 770 ducere
1078 706 1125 770 ad-

112 809 389 890 versariorumque
411 806 654 869 excursionibus
677 804 766 889 [iter]
786 803 914 869 officere
936 825 1005 868 non
1031 804 1125 868 inter-

80 906 224 969 tmittit.
274 903 381 987 Scipio
410 902 487 965 item
514 902 710 966 munitiones
737 900 982 965 contrafacere
1010 905 1060 986 et,
1090 922 1127 966 ne

79 1003 189 1085 aiugo
215 1024 234 1064 a
260 999 392 1064 Caesare
416 998 652 1082 excluderetur,
682 998 900 1082 adproperare.
946 995 1002 1061 Ita
1031 997 1127 1063 duces

115 1098 247 1182 utrique
275 1101 307 1160 et
335 1097 368 1160 in
397 1096 546 1180 operibus
570 1095 716 1179 occupati
743 1115 812 1159 esse
834 1097 867 1158 et
888 1092 995 1158 nihilo
1018 1095 1127 1159 minus

116 1194 316 1278 equestribus
339 1192 470 1277 proeliis
494 1193 578 1257 inter
602 1215 636 1257 se
660 1191 776 1257 cotidie
799 1189 1007 1255 dimicabant

82 1309 96 1355 1
181 1289 280 1355 LXII.
317 1289 460 1354 Interim<
474 1288 580 1355 Varus
604 1291 751 1373 classem,
774 1308 870 1372 quam
894 1291 990 1351 antea
1011 1287 1127 1354 Uticae

115 1388 231 1454 hiemis
255 1388 359 1473 gratia
381 1387 585 1472 subduxerat,
608 1389 739 1474 cognito
760 1384 898 1469 legionis
921 1401 947 1447 x
969 1389 1005 1450 ct
1026 1403 1069 1451 lx
1091 1408 1128 1451 cx

78 1524 80 1529 <
117 1485 226 1551 Sicilia
249 1486 387 1550 adventu
411 1483 555 1549 celeriter
578 1485 707 1550 deducit
729 1483 838 1566 ibique
862 1481 1010 1547 Gaetrlis
1034 1486 1128 1549 remi·

117 1585 211 1667 gibim
230 1582 430 1665 epibatisque
444 1581 583 1665 complet
600 1581 836 1664 insidiandique
855 1579 960 1664 gratia
974 1579 1017 1644 ab
1030 1577 1129 1646 Utica

116 1700 305 1763 progressus
335 1677 570 1741 Hadrumetum
606 1700 678 1743 cum
715 1695 762 1741 nv
795 1676 932 1741 navibus
967 1680 1128 1760 pervenit

83 1774 217 1839 aOuius
240 1775 395 1838 adventus
418 1774 538 1837 inscius
562 1772 677 1839 Caesar
698 1773 734 1838 L.
759 1771 904 1857 Cispium
927 1794 1003 1837 cum
1026 1775 1129 1842 classe

118 1889 216 1934 xxvu
238 1870 368 1934 navium
391 1870 431 1933 ad
454 1869 617 1953 Thapsum
639 1893 752 1936 versus
779 1871 813 1935 in
840 1869 1016 1935 stationem
1039 1892 1129 1957 prae·

119 1968 192 2031 sidii
211 1966 315 2051 gratia
333 1970 528 2030 commeatus
552 1967 602 2030 sui
624 1967 727 2031 mittit
749 1967 893 2050 itemque
915 1964 953 2042 Q.
970 1965 1130 2053 Aquilam

68 2079 72 2086 ’
119 2086 191 2128 curn
209 2080 273 2126 xm
295 2063 430 2126 navibus
452 2062 559 2148 longis
576 2061 812 2128 Hadrumetum
835 2061 945 2126 eadem
968 2063 1009 2129 de
1033 2088 1132 2132 cansa

84 2181 99 2225 3
119 2160 305 2245 praemittit.
351 2157 493 2244 Cispius,
517 2182 579 2244 quo
603 2165 671 2225 erat
693 2160 827 2243 missus,
850 2158 997 2225 celeriter
1019 2185 1130 2246 perve-

117 2258 180 2341 nit3
209 2260 243 2320 at
269 2255 390 2340 Aquila
416 2261 606 2341 tempestate
633 2257 769 2322 iactatus
792 2257 1056 2341 promunturium
1080 2283 1131 2326 su·

117 2376 228 2438 perere
255 2376 321 2418 non
347 2355 455 2438 potuit
482 2359 578 2439 amne
608 2355 761 2439 angulum
790 2353 947 2438 quendam
976 2358 1133 2421 tutuma

118 2441 450 2535 tempestate'nactus
473 2472 545 2514 cum
574 2450 675 2516 classe
698 2472 732 2514 se
758 2449 888 2535 longius
911 2473 931 2514 a
954 2459 1133 2538 prospectu

83 2548 262 2613 cremovit.
308 2547 446 2631 Reliqua
476 2547 586 2612 elassis
615 2549 649 2611 in
676 2548 744 2617 salo
772 2548 812 2611 ad
833 2547 961 2630 Leptim
988 2554 1133 2635 egressis

118 2646 293 2729 remigibus
322 2644 506 2728 passimque
535 2645 568 2708 in
595 2643 690 2709 litore
713 2645 920 2729 vagantibus,
946 2647 1069 2728 partim
1098 2650 1133 2714 in

120 2742 271 2825 oppidum
298 2741 404 2805 victus
432 2741 482 2805 sui
511 2741 672 2806 mercandi
700 2742 804 2826 gratia
826 2742 1005 2826 progressis
1029 2767 1135 2811 vacua

86 2853 101 2900 5
121 2859 139 2898 a
161 2837 380 2901 defensoribus
404 2837 518 2901 stabat
565 2836 689 2915 Quibus
712 2839 808 2902 rebus
831 2836 937 2901 Varus
961 2860 1001 2902 ex
1023 2841 1134 2924 perfu-

121 2933 171 3016 gis
194 2934 332 3015 cognitis
351 2935 549 2999 occasionem
572 2939 686 3000 nactus
708 2935 821 3019 vigilia
843 2935 981 2999 secunda
1003 2934 1135 3004 Hadru·

120 3033 206 3092 meto
236 3051 276 3093 ex
305 3031 441 3097 cothone
472 3053 619 3116 egressus
648 3053 720 3096 cum
747 3032 852 3115 primo
879 3053 973 3096 mane
998 3031 1135 3119 Leptim

120 3126 269 3190 universa
297 3126 396 3193 classe
423 3133 535 3193 vectus
563 3151 659 3193 naves
688 3128 862 3212 onerariae,
892 3150 972 3212 quae
999 3130 1135 3218 longius

122 3225 258 3304 apertu
281 3222 315 3285 in
338 3223 404 3287 salo
429 3225 567 3308 stabant,
589 3226 732 3291 incendit
755 3230 787 3290 et
808 3229 956 3310 penteres
979 3228 1063 3294 duas
1081 3255 1135 3296 va

122 3340 195 3382 cuas
220 3342 238 3381 e
261 3318 481 3386 defensoribus
504 3321 593 3387 nullo
619 3327 817 3408 repugnante
841 3324 933 3408 cepit.

87 3433 101 3479 1
187 3415 303 3481 LXIII.
342 3415 457 3482 Caesar
477 3419 608 3484 interim
627 3419 772 3484 celeriter
790 3442 847 3504 per
864 3421 1007 3506 nuntios,
1029 3422 1067 3488 in
1086 3447 1137 3491 ca·

121 3515 196 3578 stris
221 3536 293 3578 cum
322 3536 419 3598 opera
448 3508 643 3600 circumiret,
672 3517 788 3581 certior
803 3517 926 3600 tecm,
955 3541 1037 3602 quae
1062 3523 1136 3588 abe·
