2414 3968
351 225 427 280 CAP.
446 223 745 279 mun-mvn.
782 308 785 314 Ι
1018 225 1060 290 69

55 369 94 433 ad
125 373 157 434 te
190 368 353 433 voluimus
385 369 419 432 in
450 361 569 453 tuaque
601 367 761 451 praesidia
792 367 975 454 confugere3
1007 369 1063 432 sed

55 465 208 530 custodiis
237 465 384 549 equitum
409 462 637 548 Numidarum,⁴
668 486 733 549 quo
764 464 798 528 id
827 464 896 530 sine
921 464 1063 548 periculo

53 563 161 627 minus
181 561 367 646 faceremus,
389 560 651 644 impediebamur.
696 559 793 627 Nunc
816 561 891 626 data
911 561 1064 625 facultate

55 659 94 723 ad
117 663 149 722 11
168 658 372 742 cupidissime
389 658 535 723 venimus
552 679 614 741 pro
638 657 892 741 speculatoribus
914 658 1005 722 missi
1023 657 1063 722 ab

55 754 218 839 Scipione,
244 759 282 820 ut
304 755 571 839 perspiceremus,
597 776 675 819 num
704 777 784 839 quae
810 755 915 820 fossae
940 759 996 819 aut
1017 755 1064 819 in·

53 853 154 917 sidiae
185 852 364 936 elephantis
397 855 471 916 ante
503 856 608 916 castra
641 856 814 937 portasque
848 851 927 916 valli
961 852 1064 916 factae

55 952 169 1032 essent,
196 948 356 1034 simulque
379 947 514 1014 consilia
534 952 642 1013 vestra
664 951 776 1013 contra
797 947 923 1014 easdem
945 947 1064 1013 bestias

55 1046 396 1130 comparationemque>
425 1065 553 1130 pugnae
590 1041 855 1130 cognosceremus
889 1049 984 1130 atque
1017 1043 1064 1108 eis

53 1141 328 1207 renuntiaremus?
370 1142 434 1219 Qui
453 1141 635 1207 conlaudati
654 1164 674 1206 a
692 1141 824 1207 Caesare
842 1141 1064 1226 stipendioque
1082 1157 1098 1206 1

55 1240 163 1305 donati
186 1240 226 1303 ad
247 1239 390 1324 reliquos
413 1239 565 1324 perfugas
586 1239 794 1303 deducuntur.
836 1238 979 1315 Quorum
997 1255 1098 1302 oras

53 1338 175 1402 tionem
197 1335 344 1402 celeriter
365 1336 485 1400 veritas
509 1336 743 1419 comprobavit:
770 1356 908 1419 namque
934 1337 1063 1418 postero

54 1434 105 1498 die
132 1456 172 1499 ex
198 1433 381 1518 legionibus
407 1431 474 1515 his,
501 1453 581 1516 quas
606 1430 734 1497 Gaetuli
760 1431 980 1515 nominarunt,
1006 1430 1064 1494 mi·

53 1531 127 1595 lites
140 1531 309 1615 legionarii
328 1531 513 1614 complures
529 1529 569 1592 ab
585 1527 733 1613 Scipione
752 1528 786 1592 in
802 1531 907 1592 castra
920 1526 1064 1591 (laeseris

53 1627 272 1712 perfugerunt.
843 1670 848 1682 ,

120 1722 269 1788 XXXVI.
313 1723 401 1788 Dum
432 1723 511 1788 hacc
543 1722 583 1787 ad
611 1721 790 1806 Ruspinam
822 1726 990 1807 geruntur,
1021 1719 1097 1787 M.1

55 1818 143 1903 (late,
162 1821 217 1904 qui
234 1819 349 1885 Uticae
368 1824 523 1905 praeerat,
543 1820 679 1885 dilectus
698 1820 815 1885 cotidie
832 1819 1065 1902 libertinorum,

54 1915 221 1999 Afrorum,
253 1938 419 1981 servorum
446 1916 581 2001 denique
611 1921 643 1982 et
671 1917 912 2001 cuiusquemodi
940 1916 1065 2001 generis

54 2011 231 2095 hominum,
256 2012 312 2095 qui
334 2010 430 2075 modo
453 2034 512 2095 per
534 2017 670 2077 aetatem
694 2035 782 2078 arma
803 2014 886 2078 ferre
908 2016 1066 2097 poterant,
1108 2022 1112 2031 '

54 2107 172 2171 habere
195 2110 291 2190 atque
311 2106 372 2171 sub
391 2115 522 2171 manum
543 2106 685 2191 Scipioni
702 2109 744 2183 in
756 2112 860 2173 castra
877 2109 1065 2174 submittere

54 2215 120 2267 non
146 2202 341 2266 intermittit.
386 2201 501 2287 Legati
528 2204 657 2268 interim
686 2227 725 2269 ex
753 2205 869 2288 oppido
893 2204 1100 2288 Thysdram

54 2302 89 2365 in
112 2299 198 2383 quod
219 2299 320 2363 tritici
342 2299 487 2364 modium
509 2299 601 2364 milia
623 2316 687 2364 ccc
715 2305 914 2384 comportata
940 2302 1067 2365 fuerant

55 2419 74 2460 1
104 2396 360 2481 negotiatoribus
386 2393 511 2460 Italicis
544 2397 801 2482 aratoribusque,
833 2398 873 2461 ad
900 2396 1066 2461 Gaesarem

54 2493 175 2575 venire,
203 2495 385 2576 quantaque
408 2492 501 2575 copia
524 2493 679 2558 frumenti
703 2494 787 2577 apud
810 2516 843 2558 11
869 2493 925 2578 111,
953 2492 1067 2557 docent

55 2588 214 2673 simulque
227 2592 339 2672 orant,
361 2593 399 2652 ut
420 2588 485 2652 sibi
502 2589 699 2673 praesidium
717 2591 836 2674 mittat,
859 2611 922 2673 quo
940 2587 1066 2653 facilius

55 2688 88 2748 11
118 2685 316 2749 frumentum
347 2688 380 2749 et
412 2685 522 2768 copiae
552 2709 629 2752 suae
657 2691 891 2752 conserventur.
942 2685 1100 2762 Quibuse

56 2781 170 2847 Caesar
192 2783 227 2847 in
249 2783 430 2866 praesentia
452 2784 572 2868 gratias
595 2784 663 2868 egit
689 2784 950 2867 praesidiumque
977 2783 1066 2847 brevi

55 2883 198 2962 tempore
217 2901 251 2944 se
269 2873 444 2943 missurum
463 2879 545 2943 dixit
564 2880 814 2964 cohortatusque
834 2879 874 2943 ad
892 2901 967 2944 suos
981 2880 1065 2944 cives
1107 2899 1114 2907 ’

55 2975 144 3039 iubet
166 2976 334 3059 proficisci.
379 2975 414 3040 P.
439 2975 556 3041 Sittius
579 2977 711 3041 interim
733 2998 806 3041 cum
829 2977 930 3060 copiis
952 2976 1101 3052 Numi-4

57 3072 126 3135 diae
152 3073 232 3136 fines
259 3073 424 3158 ingressus
453 3073 621 3138 castellum
649 3075 683 3138 in
704 3074 825 3138 montis
846 3073 918 3138 loco
940 3074 1065 3138 munito

55 3167 204 3251 locatum,
225 3169 260 3232 in
283 3170 368 3253 quod
388 3169 469 3235 Iuba
494 3169 572 3234 belli
595 3171 726 3255 gerendi
748 3170 852 3256 gratia
874 3175 906 3235 et
927 3169 1065 3234 frumen-

56 3268 126 3327 tum
150 3268 182 3328 et
204 3286 255 3328 res
283 3269 417 3352 ceteras,
447 3289 528 3352 quae
555 3267 595 3330 ad
622 3267 743 3332 bellum
765 3268 838 3331 usui
860 3266 965 3331 solent
988 3289 1066 3352 esse,

56 3363 319 3445 comportaverat,
342 3363 375 3427 vi
398 3364 610 3448 expugnando
634 3367 683 3427 est
704 3364 836 3446 potitus.

124 3455 289 3521 XXXVII.
342 3457 458 3523 Caesar
488 3465 659 3545 postquam
690 3460 871 3546 legionibus
906 3461 1099 3527 veteranisl

57 3552 195 3637 duabus,
223 3553 369 3637 equitatu
394 3554 521 3640 levique
547 3561 708 3621 armatura
730 3558 836 3641 copias
860 3580 933 3622 suas
957 3580 996 3622 ex
1019 3580 1064 3621 se·
