2414 3968
452 229 528 284 OAP.
552 230 679 286 LI-LV.
1025 234 1069 297 35

61 375 161 438 currit
187 374 291 438 laetus
320 374 355 437 in
382 378 487 438 castra
513 374 736 460 militibusque
759 377 938 441 vernaculis
965 381 998 442 et
1024 399 1070 441 se·

61 471 181 536 eundae
198 471 346 555 legionis,
370 472 487 554 quibus
501 471 575 536 odio
594 472 719 535 sciebat
736 473 905 557 praecipue
925 471 1069 537 Gessium

60 590 145 652 esse,
181 567 375 652 gratulatur,
412 568 540 633 tollitur
569 591 588 632 1
618 569 826 634 multitudine
855 571 890 634 in
919 571 1070 656 tribunal,

59 670 190 749 praetor
204 664 390 748 appellatur.
427 664 532 730 Nemo
551 666 636 728 enim
656 671 712 729 aut
731 667 764 729 in
782 667 947 750 provincia
963 671 1068 751 natus,
1087 681 1103 730 5

59 767 96 825 ut
123 761 310 825 vernaculae
342 761 479 845 legionis
513 762 649 845 milites,
681 766 738 826 aut
765 763 975 828 diuturnitate
1004 764 1068 828 iam

58 858 163 922 factus
186 858 401 942 provincialis,
425 881 488 943 quo
512 859 546 922 in
569 880 702 923 numero
723 864 792 923 erat
814 861 953 924 secunda
973 861 1068 945 legio,

58 977 124 1019 11111
151 977 224 1019 cum
252 955 339 1018 omni
368 955 535 1039 provincia
562 960 767 1020 consenserat
794 957 828 1020 in
856 957 929 1021 odio
953 955 1068 1021 Cassii:

57 1074 133 1116 nam
159 1051 319 1136 legionem
347 1069 421 1143 xxx
444 1055 477 1115 et
498 1069 560 1115 xXI
586 1053 697 1135 paucis
725 1054 890 1118 mensibus
917 1055 951 1117 in
974 1053 1069 1118 Italia

58 1150 194 1233 scriptas
210 1146 326 1212 Caesar
344 1148 536 1213 attribuerat
550 1147 707 1233 Longino,
731 1150 844 1233 quinta
863 1150 948 1235 legio
966 1172 1069 1235 nuper

58 1250 127 1310 erat
152 1245 199 1309 ibi
222 1245 374 1309 confecta.

123 1340 226 1407 LHH.
262 1339 398 1406 Interim
415 1342 584 1406 nuntiatur
602 1341 768 1406 Laterensi
786 1344 892 1408 vivere
912 1343 1065 1409 Cassium.
1085 1359 1099 1406 1

58 1438 129 1516 Quo
152 1439 266 1502 nuntio
290 1437 399 1503 dolore
426 1439 530 1523 magis
558 1442 724 1522 permotus
747 1461 843 1524 quam
869 1442 975 1505 animo
997 1464 1065 1524 per-

57 1537 206 1601 turbatus
233 1536 337 1600 reficit
365 1557 399 1599 se
427 1535 572 1599 celeriter
599 1540 631 1598 11
659 1535 699 1598 11
728 1534 872 1600 Cassium
899 1537 1065 1601 visendum
1154 1534 1156 1538 ’

56 1633 279 1716 proficiscitur.
325 1630 372 1695 Re
397 1633 526 1716 cognita
556 1649 630 1695 xxx
656 1633 741 1717 legio
770 1634 863 1718 signa
886 1632 1099 1698 Cordubama

57 1729 155 1793 infert
187 1730 227 1792 ed
259 1727 416 1792 auxilium
447 1728 615 1793 ferendum
647 1729 834 1813 imperatori
863 1752 930 1794 suo.
974 1729 1066 1795 Facit

55 1826 118 1891 hoc
141 1826 225 1890 idem
248 1842 318 1889 xxi.
369 1823 583 1909 Subsequitur
603 1825 663 1890 has
686 1845 717 1891 v.
763 1826 843 1891 Sum
867 1828 946 1891 duae
967 1827 1099 1912 legio-3

56 1945 113 1986 nes
137 1923 279 2006 reliquae
299 1925 406 1986 essent
429 1923 606 2007 incastris,
629 1925 802 1988 secundani
819 1925 924 2007 veriti,
945 1946 986 1988 ne
1003 1924 1064 1988 soli

56 2019 317 2101 relinquerentur
339 2022 435 2101 atque
458 2041 498 2083 ex
521 2041 572 2103 eo,
604 2019 681 2103 quid
704 2021 891 2104 sensissent,
913 2021 1065 2085 iudicare·

56 2120 128 2198 tur,
165 2115 267 2178 secuti
299 2118 375 2177 sunt
410 2113 531 2178 factum
565 2117 775 2198 superiorum.
820 2116 1001 2182 Permansit
1030 2120 1065 2183 in

57 2210 218 2276 sententia
246 2209 334 2293 legio
362 2210 533 2274 vernacula
564 2232 622 2274 nec
653 2210 720 2274 ullo
753 2213 868 2276 timore
895 2212 933 2277 de
963 2214 1064 2298 gradu

58 2309 180 2373 deiecta
203 2310 259 2371 est.

122 2402 189 2469 LV.
228 2402 358 2468 Cassius
381 2425 450 2486 eos,
480 2403 537 2487 qui
563 2403 721 2467 nominati
744 2407 835 2468 erant
857 2405 976 2468 conscii
998 2421 1098 2469 cae-1

35 2490 115 2587 dis,
138 2502 229 2567 iubet
252 2499 491 2584 comprehendi;
514 2499 675 2585 legionem
698 2518 721 2564 v
743 2501 778 2564 in
801 2504 905 2564 cestra
927 2502 1064 2566 remittit

57 2599 243 2665 cohortibus
275 2615 349 2662 xxx
380 2597 523 2662 retentis.
581 2594 704 2662 Indicio
735 2596 870 2661 Minucii
899 2600 1097 2681 cognoscitu

56 2696 92 2762 L.
116 2696 277 2761 Racilium
306 2700 339 2760 et
364 2694 401 2758 L.
422 2693 627 2759 Laterensem
656 2696 688 2756 et
714 2690 858 2757 Annium
886 2688 1064 2782 Scapulam,

56 2794 214 2858 maximae
242 2791 413 2876 dignitatis
441 2794 473 2855 et
500 2791 620 2876 gratiae
647 2791 875 2876 provincialem
901 2791 1063 2858 hominem

57 2890 182 2973 sibique
205 2895 272 2953 tam
294 2888 488 2952 familiarem
507 2910 603 2971 quam
620 2887 827 2952 Laterensem
845 2891 878 2952 et
894 2887 1063 2976 Racilium,

57 2986 91 3048 in
111 2986 221 3049 eadem
237 2986 339 3050 fuisse
358 2985 577 3050 coniuratione
599 3006 658 3049 neo
682 2985 737 3048 diu
759 2988 903 3048 moratur
920 2985 1062 3051 dolorem

57 3103 168 3165 suum,
199 3082 277 3165 quin
310 3104 364 3148 eos
396 3082 535 3147 interfici
565 3081 682 3146 iubeat.
727 3079 905 3143 Minucium
936 3081 1096 3148 1111111113

56 3178 157 3243 tradit
179 3181 432 3263 excruciandum,
455 3179 534 3243 item
557 3177 765 3261 Calpurnium
789 3174 982 3263 Saluianum,
1005 3181 1061 3263 qui

55 3274 228 3359 profitetur
254 3277 409 3341 indicium
432 3276 733 3358 coniuratorumque
760 3296 929 3340 numerum
956 3281 1060 3361 auget,

55 3393 146 3455 1111,
175 3375 213 3435 ut
240 3373 369 3455 quidam
399 3373 597 3457 existimant,
627 3378 665 3437 ut
696 3373 844 3436 nonnulli
874 3377 1060 3462 queruntur,

55 3473 192 3534 coactus.
243 3466 348 3534 Isdem
375 3470 569 3535 cruciatibus
596 3469 739 3533 adfectus
765 3468 802 3532 L.
823 3468 974 3534 Marcello
999 3487 1095 3535 ...4

55 3566 201 3652 Squillus
229 3567 373 3631 nominat
398 3568 519 3651 plures3
549 3588 630 3650 quos
654 3564 782 3630 Cassius
805 3566 942 3630 interfici
969 3567 1059 3631 iubet

860 3670 898 3722 3*
