2414 3968
114 224 156 288 88
448 220 596 275 nasson
614 219 784 274 AFRICUM.

114 367 255 431 animum
283 367 434 450 advertit,
461 365 623 450 equitibus
651 365 717 428 suis
740 363 885 428 hostium
909 363 944 428 vi
968 363 1132 448 oppositis

114 465 254 528 sarcinas
271 463 465 547 legionarios
484 464 518 528 in
536 484 683 527 acervum
703 462 792 526 iubet
806 464 1016 544 comportare
1035 464 1132 544 atque

79 562 258 626 sceleriter
281 562 374 645 signa
396 561 545 625 hostibus
572 559 697 624 inferre.
744 557 837 634 Quod
858 561 1042 641 postquam
1066 579 1131 622 coe

113 661 206 741 ptum
234 661 283 722 est
309 658 393 742 fieri,
422 658 527 742 primo
554 657 677 740 impetu
706 655 871 740 legionum
899 654 1072 738 equitatus
1101 659 1131 719 at

113 755 193 819 levis
223 759 386 819 armatura
413 754 558 818 hostium
587 752 677 817 nullo
707 753 837 837 negotio
866 752 939 817 loco
969 753 1073 836 pulsa
1100 757 1131 818 et

79 851 236 916 rdeieeta
266 856 315 916 est
345 851 383 915 de
418 850 506 915 colle.
557 849 638 915 Cum
667 851 732 913 iam
763 848 878 914 Caesar
906 849 1130 915 existimasset

114 949 223 1013 hostes
251 948 362 1032 pulsos
390 949 622 1031 deterritosque
648 948 746 1011 finem
772 944 950 1010 lacessendi
982 945 1129 1012 facturos

115 1050 148 1109 et
170 1045 232 1108 iter
255 1049 403 1127 coeptum
425 1065 557 1129 pergere
580 1045 752 1128 coepisset,
775 1045 893 1108 iterum
915 1041 1070 1108 celeriter
1090 1066 1128 1108 cx

113 1142 270 1226 proximis
294 1141 429 1206 collibus
453 1145 626 1226 erumpunt
647 1144 743 1225 atque
766 1141 876 1205 eadem
898 1140 1042 1225 ratione,
1067 1162 1128 1225 qus

114 1242 188 1302 ante
207 1238 282 1322 dixi,
305 1239 339 1302 in
358 1237 501 1304 Caesaris
524 1238 717 1322 legionarios
741 1239 897 1322 impetum
914 1237 1045 1302 faciunt
1060 1237 1127 1304 Nu·

114 1336 218 1400 midae
240 1336 383 1420 levisque
411 1340 590 1405 armaturae
617 1333 758 1399 mirabili
784 1333 954 1398 velocitate
977 1335 1126 1417 praediti,

115 1434 170 1518 qui
202 1435 286 1499 inter
315 1434 439 1518 equites
469 1433 657 1518 pugnabant
685 1435 718 1496 et
746 1453 811 1495 una
838 1432 1024 1515 pariterque
1055 1453 1126 1496 cum

81 1547 96 1594 5
116 1532 277 1615 equitibus
297 1552 459 1595 accurrere
478 1535 511 1594 et
528 1531 674 1613 refugere
692 1531 930 1593 consueverant.
962 1527 1048 1592 (lum
1066 1529 1126 1593 hoc

116 1628 242 1709 saepius
269 1626 411 1690 facerent
433 1630 465 1690 et
493 1628 730 1710 proficiscentes
752 1624 895 1689 Iulianos
921 1626 1125 1709 insequeren-

116 1727 183 1805 tur,
212 1723 396 1806 refugerent
424 1724 595 1807 instantes,
623 1723 757 1807 propius
785 1743 850 1786 non
880 1721 1070 1787 accederent
1095 1726 1127 1788 et

116 1818 272 1902 singulari
296 1840 409 1902 genere
436 1840 562 1903 pugnae
585 1823 752 1884 uterentur
775 1839 891 1903 eosque
914 1818 1030 1883 iaculis
1054 1841 1125 1884 con-
1162 1825 1164 1831 ’

116 1915 282 1979 vulnerare
306 1916 384 1979 satis
408 1938 476 1980 esse
499 1917 733 2000 existimarent,
756 1914 872 1979 Caesar
894 1915 1059 1982 intellexit
1080 1918 1126 1982 ni·

116 2010 164 2075 hil
187 2011 274 2074 aliud
292 2033 346 2075 eos
365 2013 483 2096 conari,
506 2014 569 2078 nisi
592 2019 629 2077 ut
652 2036 686 2078 se
705 2016 856 2096 cogerent
873 2016 979 2076 castra
997 2035 1035 2078 eo
1053 2013 1126 2080 loco

116 2131 247 2192 ponere,
278 2109 334 2172 ubi
367 2111 497 2175 omnino
525 2133 625 2195 aquae
656 2109 738 2174 nihil
770 2112 866 2192 esset,
897 2113 936 2173 ut
964 2111 1127 2176 exercitus

116 2206 255 2288 ieiunus,
284 2206 340 2289 qui
368 2229 389 2269 a
414 2211 528 2291 quarta
549 2207 662 2292 vigilia
688 2227 789 2290 usque
813 2205 853 2269 ad
876 2204 990 2270 horam
1013 2223 1040 2271 x
1063 2208 1127 2274 diei

116 2301 199 2366 nihil
222 2306 392 2386 gustasset,
415 2327 452 2369 ac
474 2306 618 2369 iumenta
640 2303 695 2368 siti
717 2303 866 2386 perirent.

82 2417 96 2464 1
181 2398 278 2463 LXX.
325 2397 405 2464 Cum
434 2401 498 2465 iam
527 2402 567 2465 ad
594 2400 671 2465 solis
695 2421 842 2464 occasum
870 2402 967 2483 esset,
995 2405 1032 2465 et
1060 2423 1128 2466 non

116 2500 203 2561 totos
227 2512 247 2559 c
269 2517 383 2580 passus
407 2497 611 2563 inhoris1v
639 2502 723 2561 esset
750 2517 953 2580 progressus,
977 2498 1128 2581 equitatu

116 2616 174 2657 suo
205 2597 337 2677 propter
369 2614 523 2678 equorum
555 2594 721 2659 interitum
750 2596 892 2657 extremo
920 2593 1051 2678 agmine
1080 2618 1129 2660 re-

116 2694 203 2755 moto
226 2690 370 2775 legiones
392 2690 426 2754 in
444 2692 546 2755 ricem
570 2692 609 2755 ad
632 2695 811 2755 extremum
829 2710 944 2775 agmen
962 2692 1128 2757 evocabat.

82 2785 167 2850 alta
188 2787 255 2849 vim
277 2785 421 2850 hostium
448 2786 572 2870 placide
598 2788 775 2871 leniterque
804 2787 979 2871 procedens
1000 2774 1063 2870 per
1084 2788 1129 2853 le-

81 2900 97 2946 3
117 2883 297 2966 gionarium
311 2882 448 2947 militem
463 2884 661 2948 commodius
675 2883 863 2947 sustinebat.
888 2881 1024 2948 Interim
1039 2886 1130 2969 equi-

117 2983 187 3042 tum
213 2978 426 3043 Numidarum
456 2982 564 3064 copiae
588 2983 698 3045 dextra
726 2981 920 3065 sinistraque
947 3003 1005 3064 per
1028 2983 1132 3048 colles

116 3097 318 3159 praecurrere
342 3098 538 3161 coronaeque
560 3079 595 3142 in
617 3079 748 3143 modum
768 3079 894 3162 cingere
917 3079 1132 3146 multitudine

117 3194 175 3236 sua
204 3171 346 3235 Caesaris
380 3174 499 3259 copias,
531 3198 605 3258 pars
638 3197 753 3260 agmen
783 3180 962 3239 extremum
989 3175 1130 3263 insequi.

80 3268 260 3334 rCaesaris
284 3268 413 3333 interim
435 3292 500 3335 non
527 3272 664 3356 amplius
691 3290 731 3336 111
759 3276 815 3336 aut
836 3290 873 3336 lv
898 3272 1019 3337 milites
1043 3279 1131 3340 vete

48 3445 49 3448 Ἴ
116 3367 187 3429 rani
218 3366 246 3429 si
279 3388 313 3430 se
343 3369 574 3433 convertissent
603 3373 636 3433 et
666 3369 734 3453 pila
759 3370 883 3434 viribus
914 3374 1067 3436 contorta
1096 3373 1132 3438 in

115 3461 273 3527 Numidas
301 3463 435 3528 infestos
459 3466 681 3550 coniecissent,
711 3466 848 3550 amplius
869 3466 971 3552 ‚duum
999 3468 1132 3534 milium

116 3582 249 3624 numero
273 3559 313 3622 ad
336 3581 435 3624 unum
462 3566 554 3646 terga
575 3563 743 3626 vertebant
765 3585 801 3626 ac
826 3584 938 3628 rursus
961 3562 1004 3628 ad
1026 3567 1132 3631 aciem
