2414 3968
417 233 493 288 CAP.
511 233 753 288 LXV-LXVIIH.
1057 235 1099 299 87
1146 271 1148 275 ν

89 377 202 463 vigilia
232 379 298 444 acie
328 380 486 442 instructa
517 377 754 462 impedimentis
785 377 819 442 in
849 378 982 442 sinistra
1010 383 1101 462 parte

90 477 263 541 conlocatis
282 497 378 541 exeo
400 475 472 539 loco
495 475 710 559 proficiscitur
729 478 761 539 et
783 475 930 558 pervenit
953 475 993 538 ad
1012 475 1100 558 oppi-

90 573 166 637 dum
189 570 310 657 Aggar,
333 572 420 656 quod
441 594 461 636 a
480 569 623 636 Gaetulis
647 593 740 655 saepe
763 575 857 660 antea
880 575 1101 656 oppugnatum

90 691 278 753 summaque
300 669 333 733 vi
355 691 413 753 per
435 669 524 753 ipsos
548 669 725 752 oppidanos
748 673 816 734 erat
840 669 1013 733 defensum.
1048 666 1135 734 Ibia

89 765 124 830 in
142 786 255 849 campo
274 765 386 830 castris
404 766 477 830 unis
500 765 616 849 positis
639 766 708 849 ipse
730 766 962 832 frumentatum
981 767 1101 831 circum

88 862 184 926 villas
212 868 284 926 cum
315 866 406 947 parte
438 862 596 927 exercitus
628 863 791 947 profectus
821 885 938 948 magno
969 864 1099 928 invento

90 959 191 1043 ordei,
214 959 290 1044 olei,
312 961 394 1045 vini,
423 961 477 1025 fici
499 981 647 1044 numero,
669 982 772 1044 pauco
795 961 912 1046 tritici,
935 965 1031 1045 atque
1053 982 1100 1024 re·

89 1061 194 1122 creato
213 1056 357 1122 11111111
375 1057 460 1122 redit
477 1057 512 1121 in
530 1060 644 1121 castre.
691 1054 798 1141 Scipio
821 1058 952 1122 interim
970 1056 1099 1142 cognito
1118 1073 1135 1122 3

89 1151 232 1217 Caesaris
257 1152 399 1216 discessu
417 1173 490 1216 cum
513 1153 792 1237 universiscopiis
815 1176 872 1238 per
894 1155 1007 1239 iugum
1025 1152 1100 1218 an-

88 1272 192 1314 sarem
211 1250 364 1333 subsequi
387 1251 492 1338 coepit
515 1254 612 1335 atque
635 1251 674 1314 ab
698 1251 767 1315 eius
791 1253 904 1317 castris
922 1251 1012 1315 milia
1029 1273 1100 1335 pas·

88 1368 183 1412 suum
201 1364 238 1411 VI
260 1347 357 1432 longe
380 1347 475 1411 trinis
495 1348 608 1412 castris
629 1348 805 1432 dispertitis
828 1350 929 1432 copiis
948 1351 1099 1415 consedit.

153 1442 302 1509 LXVIII.
347 1442 510 1528 Oppidum
542 1449 611 1509 erat
633 1443 724 1529 Zeta,
752 1444 837 1529 quod
860 1445 970 1509 aberat
992 1467 1011 1508 a
1034 1444 1100 1510 Sci·
1119 1461 1133 1508 1

86 1541 182 1625 pione
209 1541 300 1605 milia
326 1562 480 1625 passuum
505 1559 543 1624 x,
573 1541 613 1604 ad
636 1541 704 1605 eius
732 1541 897 1625 regionem
920 1544 953 1604 11
974 1545 1099 1625 partem

87 1641 265 1702 castrorum
295 1637 509 1721 conlocatum,
540 1636 715 1701 10111111
743 1641 850 1701 autem
874 1638 1036 1703 diversum
1063 1661 1099 1704 ac

86 1738 260 1818 remotum,
288 1734 375 1818 quod
398 1738 467 1798 erat
490 1735 529 1798 ab
553 1754 590 1798 eo
617 1734 714 1819 longe
736 1734 827 1798 milia
853 1756 1007 1818 passuum
1029 1753 1099 1800 xiv.

86 1831 160 1895 Huc
190 1828 297 1915 Scipio
329 1830 473 1916 legiones
506 1832 586 1895 duas
617 1831 835 1896 frumentandi
868 1833 972 1917 gratia
1000 1832 1098 1897 misit.

87 1927 181 2004 Quod
202 1931 375 2011 postquam
395 1925 510 1992 Caesar
528 1950 568 1991 11
590 1927 726 2013 perfuga
744 1929 905 2013 cognovit,
928 1930 1133 1995 1111111111

86 2045 200 2107 campo
225 2024 259 2087 in
282 2023 396 2088 collem
420 2024 915 2110 11111111111111111[ο1]1111
939 2029 1034 2110 atque
1052 2027 1099 2092 ibi

86 2120 247 2205 praesidio
275 2118 388 2184 relicto
418 2120 487 2203 ipse
515 2124 630 2204 quarta
655 2121 768 2206 vigilia
797 2142 944 2206 egressus
973 2127 1099 2206 praeter

86 2217 233 2281 hostium
271 2220 376 2280 castra
414 2216 630 2301 proficiscitur
666 2237 739 2279 cum
776 2217 876 2299 copiis
912 2221 945 2280 11
980 2219 1098 2302 oppido

86 2315 218 2400 potitur.
263 2313 422 2398 Legiones
447 2312 606 2397 Scipionis
630 2311 786 2395 comperIt
807 2311 937 2396 longius
959 2314 994 2377 in
1012 2316 1098 2399 agris
1117 2334 1134 2381 3

85 2411 277 2476 frumentari
300 2414 346 2494 et,
373 2432 446 2475 cum
469 2430 506 2475 eo
534 2409 725 2474 contendere
748 2412 929 2493 conaretur,
959 2411 1098 2476 animad-

85 2510 183 2575 vertit
211 2509 318 2592 copias
341 2507 485 2573 hostium
512 2506 565 2572 his
591 2505 775 2591 legionibus
799 2527 962 2572 occurrere
985 2530 1098 2593 suppe-

85 2608 156 2672 tias.
190 2605 278 2684 Quae
295 2628 347 2671 res
370 2606 439 2670 eius
463 2606 620 2689 impetum
642 2604 826 2668 retardavit.
872 2601 985 2688 Itaque
1004 2610 1097 2689 capto
1115 2624 1133 2671 4

86 2702 119 2767 Ο.
137 2701 280 2767 Minucio
303 2700 445 2786 Regino,
471 2698 578 2785 equite
600 2702 756 2785 Romano,
780 2698 940 2784 Scipionis
962 2701 1097 2767 familia-

84 2802 227 2884 rissimo,
261 2798 317 2883 qui
345 2799 374 2862 ei
402 2799 519 2883 oppido
542 2802 700 2882 praeerat,
732 2800 765 2860 et
791 2796 826 2861 P.
849 2795 960 2882 Atrio,
990 2801 1096 2884 equite

85 2898 231 2963 Romano
260 2896 299 2960 de
327 2899 486 2960 conventu
512 2894 673 2978 Uticensi,
703 2898 735 2959 et
759 2893 888 2959 camelis
912 2912 988 2959 xxn
1010 2897 1096 2981 regis

86 2993 245 3076 abductis,
272 2993 437 3076 praesidio
459 2993 505 3057 ibi
528 3013 600 3055 cum
623 2990 728 3075 Oppio
755 2990 863 3075 legato
891 2993 1003 3057 relicto
1026 2994 1095 3078 ipse

86 3110 120 3152 se
142 3090 282 3173 recipere
306 3090 412 3174 coepit
434 3089 475 3152 ad
498 3092 609 3152 castra.
1049 3145 1051 3149 .

150 3184 315 3250 LXVIIII.
361 3185 442 3251 Cum
465 3186 530 3250 iam
552 3207 618 3249 non
639 3184 736 3269 longe
759 3207 778 3249 1
801 3186 913 3249 castris
934 3184 1093 3270 Scipionis
1114 3206 1128 3252 1

85 3281 219 3365 abesset,
243 3305 323 3367 quae
346 3305 420 3349 eum
441 3303 569 3347 necesse
593 3285 661 3346 erat
683 3283 909 3368 praetergredi,
931 3283 1093 3349 Labienus

83 3377 301 3463 Afraniusque
328 3403 401 3446 cum
429 3380 518 3445 omni
545 3379 690 3464 equitatu
718 3379 846 3464 levique
869 3386 1031 3446 armatura
1054 3405 1094 3447 11

83 3474 209 3538 insidiis
237 3474 342 3540 adorti
370 3476 491 3561 agmini
519 3477 587 3541 eius
611 3481 753 3542 extremo
777 3500 811 3542 se
835 3478 973 3542 offerunt
996 3482 1092 3562 atque

82 3592 122 3636 11
145 3571 281 3636 collibus
309 3573 422 3657 primis
450 3573 618 3638 exsistunt.
665 3571 757 3649 Quod
781 3578 953 3658 postquam
978 3572 1127 3638 Gaesara
