2414 3968
139 162 204 226 204
351 161 380 216 C.
398 161 485 216 mm
503 162 676 217 CAESARIS
694 163 933 220 FRAGMENTA.

47 281 214 364 ,ἄλλω
245 304 433 360 CicaiFam.
448 306 475 371 1,
482 309 561 372 9,20.
583 305 704 375 Quorum
721 307 813 376 iuiqui
830 323 967 363 sermones
982 326 1049 365 crim
1069 312 1111 366 ad
1128 330 1166 366 mc

63 378 106 428 (5⁵)
134 394 185 446 per
201 378 322 431 homiues
334 377 534 432 houestissimos
544 379 732 446 perferrentur
745 395 857 447 cumque
872 379 1029 449 Pompeius
1045 383 1091 437 ita
1105 400 1167 438 cou-

138 449 278 514 teudisset,
300 454 332 501 ut
353 448 425 500 uilil
446 465 575 517 umquam
598 450 699 518 moqis,
720 456 753 505 ut
775 466 836 504 cum
860 450 962 505 Crasso
986 453 1113 509 redirem
1137 456 1168 508 iu

137 521 265 590 qratiam,
285 519 435 587 Caesarque
449 537 501 588 per
519 521 622 574 litteras
643 521 766 574 οιαοιίοια
783 537 810 574 sc
828 521 953 576 moteaia
971 539 1010 578 ea·
1029 525 1087 579 illa
1105 543 1167 580 con·

137 592 255 645 teutioue
277 590 413 655 aelfestum
435 591 595 657 osteuieret,
612 592 698 645 habui
715 607 772 646 uou
789 598 941 660 temporum
963 595 1061 650 solum
1080 599 1168 653 ratio·

137 679 198 716 uem
215 677 343 727 numum,
360 662 408 715 sed
425 663 506 716 etiam
523 669 648 717 maturae.

480 821 538 875 AD
558 823 600 876 M.
622 822 813 878 CRASSUM.

209 929 284 982 Plut.
301 927 390 982 Crass.
406 931 449 981 16.
470 925 570 982 Καίτοι
584 933 621 1000 τῷ
636 927 771 998 γραφέντι
785 930 848 996 περί
862 930 973 987 τούτων
988 931 1073 1008 νόμῳ
1089 939 1169 1004 Hap-

138 999 222 1062 θινὸς
238 996 358 1068 πόλεμος
376 999 409 1052 οὐ
427 1007 543 1069 προσῆν.
571 996 706 1054 Ἦιὸεοαν
726 999 757 1054 δὲ
775 999 891 1068 πάντες,
917 999 963 1056 ὅτι
986 1005 1065 1073 πρὸς
1084 1017 1169 1062 τοῦτο

122 1069 266 1137 ,Κράσσος
289 1067 431 1138 ἐπτόηται·
452 1071 500 1124 καί
519 1075 628 1140 Καῖσαρ
652 1070 683 1125 ἐκ
702 1068 841 1133 Γαλατίας
864 1071 994 1142 ἔγραψεν
1015 1077 1098 1151 αὐτῷ
1118 1079 1169 1148 τὴν

138 1141 228 1211 ὁρμὴν
247 1140 370 1196 ἐπαινῶν
389 1142 437 1195 καί
455 1142 623 1210 παροξύνων
641 1142 687 1196 ἐπὶ
705 1142 755 1197 τὸν
772 1140 903 1210 πόλεμον.

501 1301 559 1356 AD
578 1302 785 1358 SENATUM.

212 1409 284 1465 Caes.
300 1410 336 1464 B.
353 1411 386 1466 G.
401 1411 457 1477 IV,
471 1413 517 1476 38,
531 1413 556 1463 5.
584 1410 641 1464 His
658 1411 738 1464 rebus
756 1410 837 1480 pestis
853 1426 887 1464 ca
911 1411 1014 1468 litteris
1036 1413 1169 1472 Caesaris

137 1481 245 1535 dieram
263 1481 325 1534 XX
341 1482 507 1551 supplicatio
525 1481 560 1534 ab
578 1487 675 1535 scuotu
693 1482 797 1536 ἀοοιολιι
816 1487 861 1535 est.

210 1553 285 1607 Ptol.
295 1552 353 1607 Cat.
362 1555 435 1607 Miu.
443 1557 486 1606 51.
502 1548 553 1605 'Eu
567 1551 667 1606 τοιίτον
676 1557 785 1620 Καῖσαρ
800 1550 948 1621 ἐπιστολὴν
959 1553 1082 1626 γράψας
1098 1555 1166 1612 ἀνιέ-

138 1626 242 1678 οτειλεν
261 1623 300 1684 εἰς
317 1623 369 1693 τὴν
388 1624 551 1693 σύγκλητον·
572 1623 608 1684 ὡς
626 1621 657 1677 δὲ
675 1624 840 1692 ἀνεγνώσθη
860 1624 1045 1694 βλασφημίας
1059 1630 1166 1691 πολλὰς

139 1692 241 1762 ἔχοντα
259 1695 308 1747 καί
328 1692 496 1765 κατηγορίας
514 1701 563 1747 τοῦ
582 1692 716 1756 Κάτωνος
734 1696 789 1748 κτλ.

425 1835 649 1890 flrcfflsrorr
663 1834 721 1889 Aa
742 1834 867 1905 qoem.

210 1942 346 2012 Paueqpr.
359 1941 514 1996 Coustautii
532 1942 564 2009 V,
573 1947 617 2008 11,
630 1946 657 1997 2.
686 1942 775 2012 Quam
789 1941 891 1996 Cacsar
904 1943 951 1997 ille
966 1951 1070 2002 auctor
1082 1949 1166 2004 ocem

137 2013 258 2067 uomitus
276 2029 337 2067 cura
354 2013 544 2067 Romanorum
558 2015 667 2082 primus
685 2016 826 2078 intrasset,
844 2014 932 2067 alium
950 2031 979 2068 se
998 2019 1096 2073 orbem
1113 2026 1164 2075 ter-

137 2101 234 2138 raram
260 2084 369 2152 soripsit
394 2086 555 2153 repperisse,
582 2092 675 2139 tautae
702 2085 904 2155 uiaquitucliuis
930 2087 1107 2156 arbitratus,
1134 2095 1164 2144 ut

137 2173 195 2212 uou
212 2155 380 2222 circumfusa
398 2171 510 2222 oceauo,
528 2157 574 2210 secl
593 2157 731 2224 complecta
749 2157 840 2224 ipsura
862 2171 994 2210 oceanum
1013 2161 1163 2216 uideretur.

47 2309 60 2340 ι,
70 2311 93 2340 u.
104 2311 122 2340 ο.
500 2316 526 2352 α.
540 2315 569 2352 u.
584 2315 605 2351 c.
625 2297 704 2353 DCC
720 2302 789 2367 (54).

47 2352 138 2406 Μ’)
516 2387 574 2440 AD
593 2386 779 2442 BALBUM.

208 2485 263 2539 Cic.
279 2485 316 2538 acl
332 2483 362 2553 Q.
376 2483 413 2550 fr.
427 2485 470 2549 II,
483 2489 521 2539 10
535 2488 606 2552 (12),
620 2488 637 2537 4
652 2485 707 2552 (Ia.
723 2485 826 2553 Febr).
852 2485 896 2539 Dc
912 2485 1031 2541 Caesare
1044 2489 1160 2560 fuqerat

136 2573 177 2611 rue
195 2557 233 2610 arl
251 2563 275 2610 te
292 2555 406 2610 scribere
411 2575 421 2620 ;
439 2555 516 2608 uideo
535 2556 616 2622 cuim,
634 2572 702 2624 quas
720 2562 752 2611 tu
770 2557 874 2610 litteras
892 2560 1070 2625 exspectaris.
1105 2559 1159 2615 Sea

136 2629 183 2682 ille
204 2628 314 2696 scripsit
337 2627 374 2680 acl
397 2626 518 2679 Balbum
540 2627 703 2692 fasciculum
725 2627 805 2680 illum
826 2628 1018 2696 epistolarum,
1048 2632 1083 2685 iu
1106 2646 1159 2702 quo

135 2701 229 2765 fuerat
251 2716 311 2752 urea
332 2704 357 2752 et
375 2697 474 2764 Balbi,
497 2703 583 2752 totum
605 2699 659 2752 silai
676 2714 751 2766 aqua
772 2698 916 2752 madidam
933 2700 1078 2756 redditum
1095 2719 1158 2769 esse,

136 2777 169 2824 ut
186 2787 220 2824 ue
242 2770 314 2823 illud
332 2769 440 2837 quidem
456 2768 539 2834 sciat,
557 2786 642 2823 uuam
664 2769 750 2835 fuisse
768 2770 892 2838 aliquam
914 2770 1067 2838 epistolam.
1106 2773 1178 2829 Sed·

137 2858 172 2894 ea
194 2841 281 2895 Balbi
303 2841 416 2909 epistola
437 2856 531 2908 pauca
555 2840 636 2894 ocrba
659 2840 840 2908 iutelleaerat,
863 2841 901 2894 acl
923 2857 995 2909 quae
1016 2846 1160 2914 rescripsit

138 2913 181 2965 teis
198 2913 299 2966 uerbis:
317 2911 376 2980 „De
390 2909 522 2964 Cicerone
539 2909 620 2964 video
639 2913 668 2964 te
686 2911 823 2979 quiddam
837 2910 990 2982 scripsisse,
1009 2915 1090 2980 quod
1104 2932 1157 2987 ego

138 2998 196 3035 non
212 2981 352 3049 intellexi3
370 2984 508 3049 quantum
527 2984 622 3036 autem
640 2982 801 3036 coniectura
822 2983 1023 3053 consequebor,
1043 2985 1077 3039 id
1096 2989 1158 3041 eret

139 3051 199 3105 eius
222 3053 311 3121 modi,
335 3055 367 3105 ut
393 3052 484 3123 magis
507 3053 663 3122 optandum
689 3070 776 3121 quam
800 3053 969 3123 sperandum
996 3058 1158 3124 putarem.“

139 3124 237 3191 Itaque
260 3131 354 3192 postea
380 3125 444 3178 misi
470 3125 508 3178 acl
531 3123 672 3179 Caesarem
699 3126 789 3179 eodem
815 3126 864 3179 illo
890 3126 1012 3194 exemplo
1042 3129 1158 3184 litteras.

139 3195 235 3248 Iocum
253 3201 342 3249 autem
360 3194 438 3249 illius
456 3196 488 3248 de
506 3211 558 3249 sua
576 3201 688 3265 eqcstate
706 3213 740 3250 ue
757 3196 796 3250 sis
815 3202 986 3265 asperrmtus.

348 3335 406 3390 AD
425 3338 468 3390 M.
490 3336 682 3392 TULLIUM
698 3337 947 3392 CICERONEM.

213 3431 265 3486 Cic.
281 3434 319 3487 aci
332 3433 413 3487 Foru.
433 3435 573 3502 V11,5‚2
591 3434 717 3503 (Caesari
735 3435 923 3504 uleus.Apr.).
959 3435 1028 3490 Cum
1053 3439 1089 3494 cle
1111 3440 1160 3494 lior

138 3504 199 3570 ipso
219 3504 346 3559 Trebatio
364 3521 425 3558 cum
442 3506 533 3561 Balbo
550 3511 642 3561 uostro
666 3507 787 3575 loquerer
804 3507 962 3562 ammaim
979 3508 1058 3564 domi
1076 3527 1159 3577 uuae,

138 3576 245 3630 litterae
269 3577 337 3630 metri
360 3577 465 3630 dautur
489 3595 507 3630 ο
531 3583 569 3644 te,
593 3577 693 3646 quibus
718 3579 749 3631 iu
774 3579 900 3633 extremis
924 3579 1060 3648 seriptum
1085 3587 1159 3638 erat:

95 3702 122 3739 ι
236 3713 239 3718 .
