<?xml version="1.0" encoding="UTF-8"?>
<!DOCTYPE html PUBLIC "-//W3C//DTD XHTML 1.0 Transitional//EN"
    "http://www.w3.org/TR/xhtml1/DTD/xhtml1-transitional.dtd">
<html xmlns="http://www.w3.org/1999/xhtml" xml:lang="en" lang="en">
 <head>
  <title>
</title>
<meta http-equiv="Content-Type" content="text/html;charset=utf-8" />
  <meta name='ocr-system' content='tesseract 3.04.00' />
  <meta name='ocr-capabilities' content='ocr_page ocr_carea ocr_par ocr_line ocrx_word'/>
</head>
<body>
  <div class='ocr_page' id='page_1' title='image "./commentariicuma00wlgoog_0290.png"; bbox 0 0 2414 3968; ppageno 0'>
   <div class='ocr_carea' id='block_1_1' title="bbox 443 156 1100 225">
    <p class='ocr_par' dir='ltr' id='par_1_1' title="bbox 443 134 1100 225">
     <span class='ocr_line' id='line_1_1' title="bbox 443 156 1100 225; baseline -0.002 -10"><span class='ocrx_word' id='word_1_1' title='bbox 443 160 515 217; x_wconf 82' lang='lat' dir='ltr'><strong><em>vm.</em></strong></span> <span class='ocrx_word' id='word_1_2' title='bbox 538 160 745 216; x_wconf 70' lang='lat' dir='ltr'><strong><em>EPISTULAE.</em></strong></span> <span class='ocrx_word' id='word_1_3' title='bbox 809 156 810 160; x_wconf 65' lang='lat'>‘</span> <span class='ocrx_word' id='word_1_4' title='bbox 1035 161 1100 225; x_wconf 83' lang='lat'><strong><em>219</em></strong></span> 
     </span>
    </p>
   </div>
   <div class='ocr_carea' id='block_1_2' title="bbox 90 303 1140 446">
    <p class='ocr_par' dir='ltr' id='par_1_2' title="bbox 90 303 1140 446">
     <span class='ocr_line' id='line_1_2' title="bbox 90 303 1140 374; baseline -0.001 -14"><span class='ocrx_word' id='word_1_5' title='bbox 90 306 196 372; x_wconf 87' lang='lat' dir='ltr'><strong><em>ommia,</em></strong></span> <span class='ocrx_word' id='word_1_6' title='bbox 215 322 284 374; x_wconf 76' lang='lat' dir='ltr'><strong><em>quae</em></strong></span> <span class='ocrx_word' id='word_1_7' title='bbox 301 305 440 372; x_wconf 74' lang='lat' dir='ltr'><em>vellemus,</em></span> <span class='ocrx_word' id='word_1_8' title='bbox 459 321 477 358; x_wconf 96' lang='lat' dir='ltr'><strong><em>a</em></strong></span> <span class='ocrx_word' id='word_1_9' title='bbox 496 303 611 360; x_wconf 78' lang='lat' dir='ltr'><strong><em>Caesare</em></strong></span> <span class='ocrx_word' id='word_1_10' title='bbox 628 306 854 373; x_wconf 74' lang='lat' dir='ltr'><strong><em>impetrarentur,</em></strong></span> <span class='ocrx_word' id='word_1_11' title='bbox 872 303 944 374; x_wconf 75' lang='lat' dir='ltr'><strong><em>quoa</em></strong></span> <span class='ocrx_word' id='word_1_12' title='bbox 966 303 1102 374; x_wconf 80' lang='lat' dir='ltr'><strong><em>iutellepes</em></strong></span> <span class='ocrx_word' id='word_1_13' title='bbox 1139 317 1140 320; x_wconf 73' lang='grc'>’</span> 
     </span>
     <span class='ocr_line' id='line_1_3' title="bbox 90 376 704 446; baseline -0.002 -15"><span class='ocrx_word' id='word_1_14' title='bbox 90 394 123 431; x_wconf 83' lang='lat' dir='ltr'><strong><em>ea</em></strong></span> <span class='ocrx_word' id='word_1_15' title='bbox 141 377 177 431; x_wconf 89' lang='lat' dir='ltr'><strong><em>iis</em></strong></span> <span class='ocrx_word' id='word_1_16' title='bbox 196 378 301 444; x_wconf 86' lang='lat' dir='ltr'><strong><em>litteris,</em></strong></span> <span class='ocrx_word' id='word_1_17' title='bbox 319 393 388 446; x_wconf 79' lang='lat' dir='ltr'><strong><em>quas</em></strong></span> <span class='ocrx_word' id='word_1_18' title='bbox 407 376 508 431; x_wconf 90' lang='lat' dir='ltr'><strong><em>Caesar</em></strong></span> <span class='ocrx_word' id='word_1_19' title='bbox 526 376 564 430; x_wconf 80' lang='lat' dir='ltr'><strong><em>aa</em></strong></span> <span class='ocrx_word' id='word_1_20' title='bbox 581 383 606 432; x_wconf 89' lang='lat' dir='ltr'><strong><em>te</em></strong></span> <span class='ocrx_word' id='word_1_21' title='bbox 623 376 704 430; x_wconf 85' lang='lat' dir='ltr'><strong><em>dedit.</em></strong></span> 
     </span>
    </p>
   </div>
   <div class='ocr_carea' id='block_1_3' title="bbox 372 534 815 710">
    <p class='ocr_par' dir='ltr' id='par_1_3' title="bbox 372 534 815 710">
     <span class='ocr_line' id='line_1_4' title="bbox 426 534 761 604; baseline -0.006 -13"><span class='ocrx_word' id='word_1_22' title='bbox 426 554 452 591; x_wconf 90' lang='lat' dir='ltr'><strong><em>a.</em></strong></span> <span class='ocrx_word' id='word_1_23' title='bbox 466 553 494 591; x_wconf 89' lang='lat' dir='ltr'><strong><em>u.</em></strong></span> <span class='ocrx_word' id='word_1_24' title='bbox 509 553 530 591; x_wconf 93' lang='lat' dir='ltr'><strong><em>c.</em></strong></span> <span class='ocrx_word' id='word_1_25' title='bbox 549 534 675 590; x_wconf 86' lang='lat' dir='ltr'><strong><em>DCCIX</em></strong></span> <span class='ocrx_word' id='word_1_26' title='bbox 693 538 761 604; x_wconf 84' lang='lat'><em>(45).</em></span> 
     </span>
     <span class='ocr_line' id='line_1_5' title="bbox 372 639 815 710; baseline 0 -15"><span class='ocrx_word' id='word_1_27' title='bbox 372 640 594 697; x_wconf 84' lang='lat' dir='ltr'><strong><em>INCERTUM</em></strong></span> <span class='ocrx_word' id='word_1_28' title='bbox 609 641 667 695; x_wconf 84' lang='lat' dir='ltr'><strong><em>AD</em></strong></span> <span class='ocrx_word' id='word_1_29' title='bbox 690 639 815 710; x_wconf 73' lang='lat' dir='ltr'><strong><em>QUEM.</em></strong></span> 
     </span>
    </p>
   </div>
   <div class='ocr_carea' id='block_1_4' title="bbox 87 747 1107 1104">
    <p class='ocr_par' dir='ltr' id='par_1_4' title="bbox 87 747 1107 1104">
     <span class='ocr_line' id='line_1_6' title="bbox 162 747 1105 817; baseline 0 -14"><span class='ocrx_word' id='word_1_30' title='bbox 162 749 215 804; x_wconf 90' lang='lat' dir='ltr'><strong><em>Cic.</em></strong></span> <span class='ocrx_word' id='word_1_31' title='bbox 231 749 269 802; x_wconf 85' lang='lat' dir='ltr'><strong><em>ael</em></strong></span> <span class='ocrx_word' id='word_1_32' title='bbox 282 749 339 803; x_wconf 86' lang='lat' dir='ltr'><strong><em>Att.</em></strong></span> <span class='ocrx_word' id='word_1_33' title='bbox 354 748 450 815; x_wconf 88' lang='lat' dir='ltr'><strong><em>XIH,</em></strong></span> <span class='ocrx_word' id='word_1_34' title='bbox 464 752 522 815; x_wconf 83' lang='lat'><strong><em>7,1</em></strong></span> <span class='ocrx_word' id='word_1_35' title='bbox 542 749 737 816; x_wconf 70' lang='lat' dir='ltr'><strong><em>(mortalem).</em></strong></span> <span class='ocrx_word' id='word_1_36' title='bbox 770 747 874 802; x_wconf 78' lang='lat' dir='ltr'><strong><em>Sestius</em></strong></span> <span class='ocrx_word' id='word_1_37' title='bbox 892 749 969 817; x_wconf 79' lang='lat' dir='ltr'><strong><em>apud</em></strong></span> <span class='ocrx_word' id='word_1_38' title='bbox 986 766 1027 803; x_wconf 92' lang='lat' dir='ltr'><strong><em>me</em></strong></span> <span class='ocrx_word' id='word_1_39' title='bbox 1044 750 1105 816; x_wconf 75' lang='lat' dir='ltr'><strong><em>fuit,-</em></strong></span> 
     </span>
     <span class='ocr_line' id='line_1_7' title="bbox 88 819 1101 889; baseline 0 -14"><span class='ocrx_word' id='word_1_40' title='bbox 88 827 114 875; x_wconf 86' lang='lat' dir='ltr'><strong><em>et</em></strong></span> <span class='ocrx_word' id='word_1_41' title='bbox 134 821 319 889; x_wconf 77' lang='lat' dir='ltr'><strong><em>Ilteopompus</em></strong></span> <span class='ocrx_word' id='word_1_42' title='bbox 341 821 449 888; x_wconf 82' lang='lat' dir='ltr'><strong><em>prilie;</em></strong></span> <span class='ocrx_word' id='word_1_43' title='bbox 467 820 569 874; x_wconf 85' lang='lat' dir='ltr'><strong><em>acuisse</em></strong></span> <span class='ocrx_word' id='word_1_44' title='bbox 587 836 605 873; x_wconf 92' lang='lat' dir='ltr'><strong><em>a</em></strong></span> <span class='ocrx_word' id='word_1_45' title='bbox 626 819 739 874; x_wconf 80' lang='lat' dir='ltr'><strong><em>Caesare</em></strong></span> <span class='ocrx_word' id='word_1_46' title='bbox 757 820 893 874; x_wconf 85' lang='lat' dir='ltr'><strong><em>uarrabat</em></strong></span> <span class='ocrx_word' id='word_1_47' title='bbox 911 821 1031 887; x_wconf 87' lang='lat' dir='ltr'><strong><em>litteras,·</em></strong></span> <span class='ocrx_word' id='word_1_48' title='bbox 1052 822 1101 875; x_wconf 80' lang='lat' dir='ltr'><strong><em>loc</em></strong></span> 
     </span>
     <span class='ocr_line' id='line_1_8' title="bbox 87 890 1099 959; baseline 0 -13"><span class='ocrx_word' id='word_1_49' title='bbox 87 892 210 958; x_wconf 85' lang='lat' dir='ltr'><strong><em>seribere,</em></strong></span> <span class='ocrx_word' id='word_1_50' title='bbox 228 892 282 946; x_wconf 85' lang='lat' dir='ltr'><strong><em>sibi</em></strong></span> <span class='ocrx_word' id='word_1_51' title='bbox 299 897 400 946; x_wconf 86' lang='lat' dir='ltr'><strong><em>certum</em></strong></span> <span class='ocrx_word' id='word_1_52' title='bbox 418 907 473 946; x_wconf 90' lang='lat' dir='ltr'><strong><em>esse</em></strong></span> <span class='ocrx_word' id='word_1_53' title='bbox 490 890 594 945; x_wconf 84' lang='lat' dir='ltr'><strong><em>Rornae</em></strong></span> <span class='ocrx_word' id='word_1_54' title='bbox 612 907 734 957; x_wconf 86' lang='lat' dir='ltr'><strong><em>mouere,</em></strong></span> <span class='ocrx_word' id='word_1_55' title='bbox 752 906 915 959; x_wconf 79' lang='lat' dir='ltr'><strong><em>causamque</em></strong></span> <span class='ocrx_word' id='word_1_56' title='bbox 933 908 992 946; x_wconf 89' lang='lat' dir='ltr'><strong><em>eam</em></strong></span> <span class='ocrx_word' id='word_1_57' title='bbox 1015 893 1099 946; x_wconf 90' lang='lat' dir='ltr'><strong><em>ascri-</em></strong></span> 
     </span>
     <span class='ocr_line' id='line_1_9' title="bbox 89 962 1107 1032; baseline 0 -15"><span class='ocrx_word' id='word_1_58' title='bbox 89 964 160 1029; x_wconf 85' lang='lat' dir='ltr'><strong><em>bere,</em></strong></span> <span class='ocrx_word' id='word_1_59' title='bbox 178 980 247 1032; x_wconf 80' lang='lat' dir='ltr'><strong><em>puae</em></strong></span> <span class='ocrx_word' id='word_1_60' title='bbox 270 969 328 1017; x_wconf 90' lang='lat' dir='ltr'><strong><em>erat</em></strong></span> <span class='ocrx_word' id='word_1_61' title='bbox 345 963 377 1016; x_wconf 90' lang='lat' dir='ltr'><strong><em>iu</em></strong></span> <span class='ocrx_word' id='word_1_62' title='bbox 395 962 513 1030; x_wconf 88' lang='lat' dir='ltr'><strong><em>epistula</em></strong></span> <span class='ocrx_word' id='word_1_63' title='bbox 530 967 638 1028; x_wconf 89' lang='lat' dir='ltr'><strong><em>mostra,</em></strong></span> <span class='ocrx_word' id='word_1_64' title='bbox 656 978 690 1015; x_wconf 91' lang='lat' dir='ltr'><strong><em>ue</em></strong></span> <span class='ocrx_word' id='word_1_65' title='bbox 708 977 736 1016; x_wconf 89' lang='lat' dir='ltr'><strong><em>se</em></strong></span> <span class='ocrx_word' id='word_1_66' title='bbox 754 962 861 1017; x_wconf 87' lang='lat' dir='ltr'><strong><em>abseute</em></strong></span> <span class='ocrx_word' id='word_1_67' title='bbox 884 962 953 1032; x_wconf 71' lang='lat' dir='ltr'><strong><em>leyes</em></strong></span> <span class='ocrx_word' id='word_1_68' title='bbox 970 979 1036 1017; x_wconf 92' lang='lat' dir='ltr'><strong><em>suae</em></strong></span> <span class='ocrx_word' id='word_1_69' title='bbox 1054 980 1107 1018; x_wconf 89' lang='lat' dir='ltr'><strong><em>ue·-</em></strong></span> 
     </span>
     <span class='ocr_line' id='line_1_10' title="bbox 87 1032 772 1104; baseline -0.003 -16"><span class='ocrx_word' id='word_1_70' title='bbox 87 1033 264 1104; x_wconf 80' lang='lat' dir='ltr'><strong><em>plepereutur,</em></strong></span> <span class='ocrx_word' id='word_1_71' title='bbox 281 1034 353 1089; x_wconf 91' lang='lat' dir='ltr'><strong><em>sicut</em></strong></span> <span class='ocrx_word' id='word_1_72' title='bbox 370 1039 436 1088; x_wconf 91' lang='lat' dir='ltr'><strong><em>esset</em></strong></span> <span class='ocrx_word' id='word_1_73' title='bbox 452 1033 573 1104; x_wconf 78' lang='lat' dir='ltr'><strong><em>ueplecta</em></strong></span> <span class='ocrx_word' id='word_1_74' title='bbox 590 1032 772 1101; x_wconf 76' lang='lat' dir='ltr'><strong><em>sumptuaria.</em></strong></span> 
     </span>
    </p>
   </div>
   <div class='ocr_carea' id='block_1_5' title="bbox 294 1190 894 1248">
    <p class='ocr_par' dir='ltr' id='par_1_5' title="bbox 294 1190 894 1248">
     <span class='ocr_line' id='line_1_11' title="bbox 294 1190 894 1248; baseline -0.002 0"><span class='ocrx_word' id='word_1_75' title='bbox 294 1193 353 1248; x_wconf 85' lang='lat' dir='ltr'><strong><em>AD</em></strong></span> <span class='ocrx_word' id='word_1_76' title='bbox 372 1192 415 1248; x_wconf 87' lang='lat' dir='ltr'><strong><em>M.</em></strong></span> <span class='ocrx_word' id='word_1_77' title='bbox 436 1191 629 1247; x_wconf 83' lang='lat' dir='ltr'><strong><em>TULLIUM</em></strong></span> <span class='ocrx_word' id='word_1_78' title='bbox 645 1190 894 1247; x_wconf 81' lang='lat' dir='ltr'><strong><em>CICERONEM.</em></strong></span> 
     </span>
    </p>
   </div>
   <div class='ocr_carea' id='block_1_6' title="bbox 85 1297 1133 1512">
    <p class='ocr_par' dir='ltr' id='par_1_6' title="bbox 85 1297 1133 1512">
     <span class='ocr_line' id='line_1_12' title="bbox 159 1297 1106 1368; baseline 0 -14"><span class='ocrx_word' id='word_1_79' title='bbox 159 1299 213 1355; x_wconf 88' lang='lat' dir='ltr'><strong><em>Cic.</em></strong></span> <span class='ocrx_word' id='word_1_80' title='bbox 228 1299 266 1354; x_wconf 84' lang='lat' dir='ltr'><strong><em>acl</em></strong></span> <span class='ocrx_word' id='word_1_81' title='bbox 279 1300 337 1356; x_wconf 81' lang='lat' dir='ltr'><strong><em>Au.</em></strong></span> <span class='ocrx_word' id='word_1_82' title='bbox 352 1300 534 1366; x_wconf 75' lang='lat' dir='ltr'><strong><em>Xl11,20‚1</em></strong></span> <span class='ocrx_word' id='word_1_83' title='bbox 550 1302 643 1367; x_wconf 86' lang='lat' dir='ltr'><strong><em>(meus.</em></strong></span> <span class='ocrx_word' id='word_1_84' title='bbox 656 1297 786 1368; x_wconf 71' lang='lat' dir='ltr'><strong><em>Quium).</em></strong></span> <span class='ocrx_word' id='word_1_85' title='bbox 815 1298 843 1353; x_wconf 82' lang='lat' dir='ltr'><strong><em>A</em></strong></span> <span class='ocrx_word' id='word_1_86' title='bbox 862 1299 977 1354; x_wconf 85' lang='lat' dir='ltr'><strong><em>Caesare</em></strong></span> <span class='ocrx_word' id='word_1_87' title='bbox 996 1299 1106 1355; x_wconf 80' lang='lat' dir='ltr'><strong><em>litteras</em></strong></span> 
     </span>
     <span class='ocr_line' id='line_1_13' title="bbox 88 1370 1133 1440; baseline 0.002 -16"><span class='ocrx_word' id='word_1_88' title='bbox 88 1372 179 1440; x_wconf 88' lang='lat' dir='ltr'><strong><em>accepi</em></strong></span> <span class='ocrx_word' id='word_1_89' title='bbox 204 1372 400 1426; x_wconf 87' lang='lat' dir='ltr'><strong><em>cousolatorias</em></strong></span> <span class='ocrx_word' id='word_1_90' title='bbox 427 1371 509 1425; x_wconf 81' lang='lat' dir='ltr'><strong><em>datas</em></strong></span> <span class='ocrx_word' id='word_1_91' title='bbox 531 1370 625 1438; x_wconf 81' lang='lat' dir='ltr'><strong><em>prielie</em></strong></span> <span class='ocrx_word' id='word_1_92' title='bbox 648 1370 714 1424; x_wconf 88' lang='lat' dir='ltr'><strong><em>Kal.</em></strong></span> <span class='ocrx_word' id='word_1_93' title='bbox 735 1370 833 1424; x_wconf 89' lang='lat' dir='ltr'><strong><em>Maias</em></strong></span> <span class='ocrx_word' id='word_1_94' title='bbox 856 1370 979 1439; x_wconf 81' lang='lat' dir='ltr'><strong><em>Hispali.</em></strong></span> <span class='ocrx_word' id='word_1_95' title='bbox 1000 1403 1034 1410; x_wconf 99' lang='lat'>—</span> <span class='ocrx_word' id='word_1_96' title='bbox 1062 1372 1100 1426; x_wconf 82' lang='lat' dir='ltr'><strong><em>acl</em></strong></span> <span class='ocrx_word' id='word_1_97' title='bbox 1130 1385 1133 1417; x_wconf 76' lang='lat'>3</span> 
     </span>
     <span class='ocr_line' id='line_1_14' title="bbox 85 1441 938 1512; baseline 0 -16"><span class='ocrx_word' id='word_1_98' title='bbox 85 1443 142 1499; x_wconf 77' lang='lat' dir='ltr'><strong><em>Au.</em></strong></span> <span class='ocrx_word' id='word_1_99' title='bbox 156 1446 240 1510; x_wconf 81' lang='lat'><strong><em>22,5</em></strong></span> <span class='ocrx_word' id='word_1_100' title='bbox 257 1443 418 1512; x_wconf 78' lang='lat' dir='ltr'><strong><em>Epistulam</em></strong></span> <span class='ocrx_word' id='word_1_101' title='bbox 437 1441 563 1496; x_wconf 84' lang='lat' dir='ltr'><strong><em>Caesaris</em></strong></span> <span class='ocrx_word' id='word_1_102' title='bbox 581 1441 652 1508; x_wconf 86' lang='lat' dir='ltr'><strong><em>misi,</em></strong></span> <span class='ocrx_word' id='word_1_103' title='bbox 670 1441 695 1495; x_wconf 91' lang='lat' dir='ltr'><strong><em>si</em></strong></span> <span class='ocrx_word' id='word_1_104' title='bbox 713 1443 806 1496; x_wconf 86' lang='lat' dir='ltr'><strong><em>miuus</em></strong></span> <span class='ocrx_word' id='word_1_105' title='bbox 824 1442 938 1512; x_wconf 78' lang='lat' dir='ltr'><strong><em>lepisses</em></strong></span> 
     </span>
    </p>
   </div>
   <div class='ocr_carea' id='block_1_7' title="bbox 337 1600 842 1656">
    <p class='ocr_par' dir='ltr' id='par_1_7' title="bbox 337 1600 842 1656">
     <span class='ocr_line' id='line_1_15' title="bbox 337 1600 842 1656; baseline 0.002 -2"><span class='ocrx_word' id='word_1_106' title='bbox 337 1601 395 1655; x_wconf 81' lang='lat' dir='ltr'><strong><em>AD</em></strong></span> <span class='ocrx_word' id='word_1_107' title='bbox 414 1600 568 1656; x_wconf 82' lang='lat' dir='ltr'><strong><em>RECEM</em></strong></span> <span class='ocrx_word' id='word_1_108' title='bbox 583 1600 842 1656; x_wconf 84' lang='lat' dir='ltr'><strong><em>DEIOTARUM.</em></strong></span> 
     </span>
    </p>
   </div>
   <div class='ocr_carea' id='block_1_8' title="bbox 85 1693 1099 1850">
    <p class='ocr_par' dir='ltr' id='par_1_8' title="bbox 85 1693 1099 1850">
     <span class='ocr_line' id='line_1_16' title="bbox 157 1693 1099 1778; baseline 0.001 -15"><span class='ocrx_word' id='word_1_109' title='bbox 157 1708 212 1763; x_wconf 90' lang='lat' dir='ltr'><strong><em>Cic</em></strong></span> <span class='ocrx_word' id='word_1_110' title='bbox 223 1724 277 1776; x_wconf 89' lang='lat' dir='ltr'><strong><em>pro</em></strong></span> <span class='ocrx_word' id='word_1_111' title='bbox 290 1693 443 1763; x_wconf 58' lang='lat' dir='ltr'><strong><em>Demiftss</em></strong></span> <span class='ocrx_word' id='word_1_112' title='bbox 469 1709 528 1778; x_wconf 75' lang='lat' dir='ltr'><strong><em>Quo</em></strong></span> <span class='ocrx_word' id='word_1_113' title='bbox 546 1708 654 1777; x_wconf 76' lang='lat' dir='ltr'><strong><em>quidem</em></strong></span> <span class='ocrx_word' id='word_1_114' title='bbox 672 1709 765 1763; x_wconf 88' lang='lat' dir='ltr'><strong><em>auimo</em></strong></span> <span class='ocrx_word' id='word_1_115' title='bbox 779 1725 840 1763; x_wconf 89' lang='lat' dir='ltr'><strong><em>cum</em></strong></span> <span class='ocrx_word' id='word_1_116' title='bbox 857 1714 940 1763; x_wconf 89' lang='lat' dir='ltr'><strong><em>autea</em></strong></span> <span class='ocrx_word' id='word_1_117' title='bbox 956 1709 1022 1776; x_wconf 85' lang='lat' dir='ltr'><strong><em>fuit,</em></strong></span> <span class='ocrx_word' id='word_1_118' title='bbox 1040 1716 1099 1764; x_wconf 90' lang='lat' dir='ltr'><strong><em>tum</em></strong></span> 
     </span>
     <span class='ocr_line' id='line_1_17' title="bbox 85 1779 1099 1850; baseline 0.003 -17"><span class='ocrx_word' id='word_1_119' title='bbox 85 1795 142 1833; x_wconf 89' lang='lat' dir='ltr'><strong><em>mou</em></strong></span> <span class='ocrx_word' id='word_1_120' title='bbox 160 1779 267 1845; x_wconf 80' lang='lat' dir='ltr'><strong><em>dubito,</em></strong></span> <span class='ocrx_word' id='word_1_121' title='bbox 285 1780 353 1848; x_wconf 80' lang='lat' dir='ltr'><strong><em>quim</em></strong></span> <span class='ocrx_word' id='word_1_122' title='bbox 376 1779 432 1834; x_wconf 89' lang='lat' dir='ltr'><strong><em>tuis</em></strong></span> <span class='ocrx_word' id='word_1_123' title='bbox 450 1780 560 1846; x_wconf 88' lang='lat' dir='ltr'><strong><em>litteris,</em></strong></span> <span class='ocrx_word' id='word_1_124' title='bbox 582 1797 700 1848; x_wconf 80' lang='lat' dir='ltr'><strong><em>quarum</em></strong></span> <span class='ocrx_word' id='word_1_125' title='bbox 717 1780 869 1848; x_wconf 79' lang='lat' dir='ltr'><strong><em>exemplum</em></strong></span> <span class='ocrx_word' id='word_1_126' title='bbox 889 1780 955 1850; x_wconf 79' lang='lat' dir='ltr'><strong><em>lepi,</em></strong></span> <span class='ocrx_word' id='word_1_127' title='bbox 973 1798 1042 1849; x_wconf 78' lang='lat' dir='ltr'><strong><em>quas</em></strong></span> <span class='ocrx_word' id='word_1_128' title='bbox 1060 1781 1099 1836; x_wconf 89' lang='lat' dir='ltr'><strong><em>acl</em></strong></span> 
     </span>
    </p>
   </div>
   <div class='ocr_carea' id='block_1_9' title="bbox 85 1850 1192 1921">
    <p class='ocr_par' dir='ltr' id='par_1_9' title="bbox 85 1850 1192 1921">
     <span class='ocr_line' id='line_1_18' title="bbox 85 1850 1192 1921; baseline 0.004 -17"><span class='ocrx_word' id='word_1_129' title='bbox 85 1867 145 1904; x_wconf 91' lang='lat' dir='ltr'><strong><em>eum</em></strong></span> <span class='ocrx_word' id='word_1_130' title='bbox 165 1850 320 1904; x_wconf 83' lang='lat' dir='ltr'><strong><em>Tarracoue</em></strong></span> <span class='ocrx_word' id='word_1_131' title='bbox 342 1851 407 1904; x_wconf 78' lang='lat' dir='ltr'><strong><em>huic</em></strong></span> <span class='ocrx_word' id='word_1_132' title='bbox 428 1850 567 1904; x_wconf 87' lang='lat' dir='ltr'><strong><em>Blesamio</em></strong></span> <span class='ocrx_word' id='word_1_133' title='bbox 589 1851 702 1918; x_wconf 80' lang='lat' dir='ltr'><strong><em>aedisti,</em></strong></span> <span class='ocrx_word' id='word_1_134' title='bbox 719 1868 746 1905; x_wconf 91' lang='lat' dir='ltr'><strong><em>se</em></strong></span> <span class='ocrx_word' id='word_1_135' title='bbox 769 1852 857 1921; x_wconf 79' lang='lat' dir='ltr'><strong><em>mapis</em></strong></span> <span class='ocrx_word' id='word_1_136' title='bbox 879 1853 961 1906; x_wconf 88' lang='lat' dir='ltr'><strong><em>etiam</em></strong></span> <span class='ocrx_word' id='word_1_137' title='bbox 984 1853 1099 1908; x_wconf 81' lang='lat' dir='ltr'><strong><em>mouerit</em></strong></span> <span class='ocrx_word' id='word_1_138' title='bbox 1140 1911 1144 1917; x_wconf 89' lang='lat'><em>.</em></span> <span class='ocrx_word' id='word_1_139' title='bbox 1191 1862 1192 1866; x_wconf 77' lang='grc'>’</span> 
     </span>
    </p>
   </div>
   <div class='ocr_carea' id='block_1_10' title="bbox 85 1920 1098 2061">
    <p class='ocr_par' dir='ltr' id='par_1_10' title="bbox 85 1920 1098 2061">
     <span class='ocr_line' id='line_1_19' title="bbox 85 1920 1098 2005; baseline 0.004 -31"><span class='ocrx_word' id='word_1_140' title='bbox 85 1922 120 1976; x_wconf 86' lang='lat' dir='ltr'><strong><em>ab</em></strong></span> <span class='ocrx_word' id='word_1_141' title='bbox 147 1921 273 1990; x_wconf 74' lang='lat' dir='ltr'><strong><em>omuipue</em></strong></span> <span class='ocrx_word' id='word_1_142' title='bbox 304 1920 488 1975; x_wconf 78' lang='lat' dir='ltr'><strong><em>sollieituaiue</em></strong></span> <span class='ocrx_word' id='word_1_143' title='bbox 516 1921 688 2005; x_wconf 78' lang='lat' dir='ltr'><strong><em>abstruserit.</em></strong></span> <span class='ocrx_word' id='word_1_144' title='bbox 725 1923 806 1976; x_wconf 87' lang='lat' dir='ltr'><strong><em>Iubes</em></strong></span> <span class='ocrx_word' id='word_1_145' title='bbox 838 1923 911 1976; x_wconf 89' lang='lat' dir='ltr'><strong><em>euim</em></strong></span> <span class='ocrx_word' id='word_1_146' title='bbox 942 1940 1002 1978; x_wconf 91' lang='lat' dir='ltr'><strong><em>eum</em></strong></span> <span class='ocrx_word' id='word_1_147' title='bbox 1034 1925 1098 1978; x_wconf 85' lang='lat' dir='ltr'><strong><em>beue</em></strong></span> 
     </span>
     <span class='ocr_line' id='line_1_20' title="bbox 87 1992 511 2061; baseline 0.007 -19"><span class='ocrx_word' id='word_1_148' title='bbox 87 2008 193 2061; x_wconf 75' lang='lat' dir='ltr'><strong><em>sperare</em></strong></span> <span class='ocrx_word' id='word_1_149' title='bbox 211 1998 236 2046; x_wconf 92' lang='lat' dir='ltr'><strong><em>et</em></strong></span> <span class='ocrx_word' id='word_1_150' title='bbox 254 1992 323 2045; x_wconf 84' lang='lat' dir='ltr'><strong><em>bouo</em></strong></span> <span class='ocrx_word' id='word_1_151' title='bbox 338 2007 392 2046; x_wconf 89' lang='lat' dir='ltr'><strong><em>esse</em></strong></span> <span class='ocrx_word' id='word_1_152' title='bbox 410 1993 511 2045; x_wconf 87' lang='lat' dir='ltr'><strong><em>auimo</em></strong></span> 
     </span>
    </p>
   </div>
   <div class='ocr_carea' id='block_1_11' title="bbox 336 2132 848 2190">
    <p class='ocr_par' dir='ltr' id='par_1_11' title="bbox 336 2132 848 2190">
     <span class='ocr_line' id='line_1_21' title="bbox 336 2132 848 2190; baseline 0.008 -4"><span class='ocrx_word' id='word_1_153' title='bbox 336 2133 394 2186; x_wconf 82' lang='lat' dir='ltr'><strong><em>AD</em></strong></span> <span class='ocrx_word' id='word_1_154' title='bbox 415 2132 576 2188; x_wconf 89' lang='lat' dir='ltr'><strong><em>OPPIUM</em></strong></span> <span class='ocrx_word' id='word_1_155' title='bbox 591 2133 649 2187; x_wconf 84' lang='lat' dir='ltr'><strong><em>ET</em></strong></span> <span class='ocrx_word' id='word_1_156' title='bbox 663 2133 848 2190; x_wconf 85' lang='lat' dir='ltr'><strong><em>BALBUM.</em></strong></span> 
     </span>
    </p>
   </div>
   <div class='ocr_carea' id='block_1_12' title="bbox 82 2239 1097 2522">
    <p class='ocr_par' dir='ltr' id='par_1_12' title="bbox 82 2239 1097 2522">
     <span class='ocr_line' id='line_1_22' title="bbox 157 2239 1097 2309; baseline 0.003 -16"><span class='ocrx_word' id='word_1_157' title='bbox 157 2239 211 2294; x_wconf 90' lang='lat' dir='ltr'><strong><em>Cic.</em></strong></span> <span class='ocrx_word' id='word_1_158' title='bbox 231 2240 269 2293; x_wconf 85' lang='lat' dir='ltr'><strong><em>ael</em></strong></span> <span class='ocrx_word' id='word_1_159' title='bbox 287 2240 344 2293; x_wconf 84' lang='lat' dir='ltr'><strong><em>Au.</em></strong></span> <span class='ocrx_word' id='word_1_160' title='bbox 364 2239 459 2307; x_wconf 88' lang='lat' dir='ltr'><strong><em>XIII,</em></strong></span> <span class='ocrx_word' id='word_1_161' title='bbox 478 2243 523 2306; x_wconf 88' lang='grc'><strong><em>31,</em></strong></span> <span class='ocrx_word' id='word_1_162' title='bbox 541 2241 622 2309; x_wconf 86' lang='lat' dir='ltr'><strong><em>3(V</em></strong></span> <span class='ocrx_word' id='word_1_163' title='bbox 637 2240 703 2294; x_wconf 89' lang='lat' dir='ltr'><strong><em>Kal.</em></strong></span> <span class='ocrx_word' id='word_1_164' title='bbox 723 2242 811 2309; x_wconf 90' lang='lat' dir='ltr'><strong><em>qu.)</em></strong></span> <span class='ocrx_word' id='word_1_165' title='bbox 848 2240 892 2294; x_wconf 91' lang='lat' dir='ltr'><strong><em>De</em></strong></span> <span class='ocrx_word' id='word_1_166' title='bbox 916 2241 1034 2309; x_wconf 87' lang='lat' dir='ltr'><strong><em>epistula</em></strong></span> <span class='ocrx_word' id='word_1_167' title='bbox 1059 2243 1097 2296; x_wconf 80' lang='lat' dir='ltr'><strong><em>aa</em></strong></span> 
     </span>
     <span class='ocr_line' id='line_1_23' title="bbox 86 2280 1095 2396; baseline 0.002 -32"><span class='ocrx_word' id='word_1_168' title='bbox 86 2310 228 2366; x_wconf 88' lang='lat' dir='ltr'><strong><em>Caesarem</em></strong></span> <span class='ocrx_word' id='word_1_169' title='bbox 246 2307 369 2379; x_wconf 77' lang='grc' dir='ltr'><strong><em>κέκρικα.</em></strong></span> <span class='ocrx_word' id='word_1_170' title='bbox 403 2311 493 2380; x_wconf 78' lang='lat' dir='ltr'><strong><em>Atque</em></strong></span> <span class='ocrx_word' id='word_1_171' title='bbox 510 2280 571 2365; x_wconf 50' lang='grc' dir='ltr'><strong><em>ἑά·</em></strong></span> <span class='ocrx_word' id='word_1_172' title='bbox 559 2328 659 2396; x_wconf 78' lang='lat' dir='ltr'><strong><em>ipsum,</em></strong></span> <span class='ocrx_word' id='word_1_173' title='bbox 677 2312 749 2380; x_wconf 81' lang='lat' dir='ltr'><strong><em>quod</em></strong></span> <span class='ocrx_word' id='word_1_174' title='bbox 766 2312 815 2366; x_wconf 86' lang='lat' dir='ltr'><strong><em>isti</em></strong></span> <span class='ocrx_word' id='word_1_175' title='bbox 833 2312 915 2366; x_wconf 89' lang='lat' dir='ltr'><strong><em>aiuut</em></strong></span> <span class='ocrx_word' id='word_1_176' title='bbox 932 2312 1012 2366; x_wconf 89' lang='lat' dir='ltr'><strong><em>illum</em></strong></span> <span class='ocrx_word' id='word_1_177' title='bbox 1029 2313 1095 2366; x_wconf 88' lang='lat' dir='ltr'><strong><em>scri-</em></strong></span> 
     </span>
     <span class='ocr_line' id='line_1_24' title="bbox 84 2382 1096 2454; baseline 0.003 -19"><span class='ocrx_word' id='word_1_178' title='bbox 84 2383 156 2449; x_wconf 86' lang='lat' dir='ltr'><strong><em>bere,</em></strong></span> <span class='ocrx_word' id='word_1_179' title='bbox 173 2398 201 2436; x_wconf 88' lang='lat' dir='ltr'><strong><em>se</em></strong></span> <span class='ocrx_word' id='word_1_180' title='bbox 218 2382 275 2436; x_wconf 89' lang='lat' dir='ltr'><strong><em>misi</em></strong></span> <span class='ocrx_word' id='word_1_181' title='bbox 293 2383 391 2436; x_wconf 83' lang='lat' dir='ltr'><strong><em>constit</em></strong></span> <span class='ocrx_word' id='word_1_182' title='bbox 391 2383 447 2436; x_wconf 84' lang='lat' dir='ltr'><strong><em>ulis</em></strong></span> <span class='ocrx_word' id='word_1_183' title='bbox 465 2382 545 2438; x_wconf 85' lang='lat' dir='ltr'><strong><em>rebus</em></strong></span> <span class='ocrx_word' id='word_1_184' title='bbox 562 2400 619 2438; x_wconf 91' lang='lat' dir='ltr'><strong><em>uou</em></strong></span> <span class='ocrx_word' id='word_1_185' title='bbox 637 2384 742 2437; x_wconf 89' lang='lat' dir='ltr'><strong><em>iturum</em></strong></span> <span class='ocrx_word' id='word_1_186' title='bbox 760 2384 791 2436; x_wconf 89' lang='lat' dir='ltr'><strong><em>iu</em></strong></span> <span class='ocrx_word' id='word_1_187' title='bbox 810 2383 942 2450; x_wconf 77' lang='lat' dir='ltr'><strong><em>Parthos,</em></strong></span> <span class='ocrx_word' id='word_1_188' title='bbox 960 2383 1031 2438; x_wconf 83' lang='lat' dir='ltr'><strong><em>idem</em></strong></span> <span class='ocrx_word' id='word_1_189' title='bbox 1049 2399 1096 2454; x_wconf 78' lang='lat' dir='ltr'><strong><em>epo</em></strong></span> 
     </span>
     <span class='ocr_line' id='line_1_25' title="bbox 82 2453 847 2522; baseline 0 -14"><span class='ocrx_word' id='word_1_190' title='bbox 82 2453 260 2508; x_wconf 82' lang='lat' dir='ltr'><strong><em>suadebam</em></strong></span> <span class='ocrx_word' id='word_1_191' title='bbox 248 2470 280 2506; x_wconf 87' lang='lat' dir='ltr'><strong><em>m</em></strong></span> <span class='ocrx_word' id='word_1_192' title='bbox 297 2453 349 2506; x_wconf 89' lang='lat' dir='ltr'><strong><em>illa</em></strong></span> <span class='ocrx_word' id='word_1_193' title='bbox 366 2453 493 2522; x_wconf 85' lang='lat' dir='ltr'><strong><em>epistula,</em></strong></span> <span class='ocrx_word' id='word_1_194' title='bbox 510 2471 530 2507; x_wconf 93' lang='lat' dir='ltr'><strong><em>u</em></strong></span> <span class='ocrx_word' id='word_1_195' title='bbox 530 2459 603 2508; x_wconf 88' lang='lat' dir='ltr'><strong><em>trum</em></strong></span> <span class='ocrx_word' id='word_1_196' title='bbox 622 2455 722 2520; x_wconf 85' lang='lat' dir='ltr'><strong><em>liberet,</em></strong></span> <span class='ocrx_word' id='word_1_197' title='bbox 739 2454 847 2521; x_wconf 74' lang='lat' dir='ltr'><strong><em>faceret.</em></strong></span> 
     </span>
    </p>
   </div>
   <div class='ocr_carea' id='block_1_13' title="bbox 461 2595 717 2650">
    <p class='ocr_par' dir='ltr' id='par_1_13' title="bbox 461 2595 717 2650">
     <span class='ocr_line' id='line_1_26' title="bbox 461 2595 717 2650; baseline 0 -1"><span class='ocrx_word' id='word_1_198' title='bbox 461 2595 519 2649; x_wconf 85' lang='lat' dir='ltr'><strong><em>AD</em></strong></span> <span class='ocrx_word' id='word_1_199' title='bbox 537 2595 717 2650; x_wconf 82' lang='lat' dir='ltr'><strong><em>LAMIAM.</em></strong></span> 
     </span>
    </p>
   </div>
   <div class='ocr_carea' id='block_1_14' title="bbox 82 2693 1140 3330">
    <p class='ocr_par' dir='ltr' id='par_1_14' title="bbox 82 2693 1140 3330">
     <span class='ocr_line' id='line_1_27' title="bbox 156 2693 1096 2763; baseline 0 -15"><span class='ocrx_word' id='word_1_200' title='bbox 156 2693 211 2749; x_wconf 89' lang='lat' dir='ltr'><strong><em>Cic.</em></strong></span> <span class='ocrx_word' id='word_1_201' title='bbox 226 2694 264 2747; x_wconf 76' lang='lat' dir='ltr'><strong><em>ael</em></strong></span> <span class='ocrx_word' id='word_1_202' title='bbox 277 2693 334 2748; x_wconf 79' lang='lat' dir='ltr'><strong><em>Aa.</em></strong></span> <span class='ocrx_word' id='word_1_203' title='bbox 350 2693 441 2760; x_wconf 89' lang='lat' dir='ltr'><strong><em>XIII,</em></strong></span> <span class='ocrx_word' id='word_1_204' title='bbox 454 2696 499 2759; x_wconf 77' lang='lat'><strong><em>45,</em></strong></span> <span class='ocrx_word' id='word_1_205' title='bbox 513 2699 529 2748; x_wconf 92' lang='lat'><strong><em>1</em></strong></span> <span class='ocrx_word' id='word_1_206' title='bbox 545 2697 584 2762; x_wconf 91' lang='lat' dir='ltr'><strong><em>(a.</em></strong></span> <span class='ocrx_word' id='word_1_207' title='bbox 598 2694 625 2748; x_wconf 83' lang='lat' dir='ltr'><strong><em>cl.</em></strong></span> <span class='ocrx_word' id='word_1_208' title='bbox 640 2694 697 2747; x_wconf 93' lang='grc' dir='ltr'><strong><em>ΙΙΙ</em></strong></span> <span class='ocrx_word' id='word_1_209' title='bbox 705 2695 749 2749; x_wconf 81' lang='lat' dir='ltr'><strong><em>Iel.</em></strong></span> <span class='ocrx_word' id='word_1_210' title='bbox 760 2694 854 2762; x_wconf 75' lang='lat' dir='ltr'><strong><em>Ceut).</em></strong></span> <span class='ocrx_word' id='word_1_211' title='bbox 881 2693 952 2748; x_wconf 88' lang='lat' dir='ltr'><strong><em>Euit</em></strong></span> <span class='ocrx_word' id='word_1_212' title='bbox 965 2694 1042 2763; x_wconf 86' lang='lat' dir='ltr'><strong><em>apuel</em></strong></span> <span class='ocrx_word' id='word_1_213' title='bbox 1055 2711 1096 2749; x_wconf 89' lang='lat' dir='ltr'><strong><em>me</em></strong></span> 
     </span>
     <span class='ocr_line' id='line_1_28' title="bbox 83 2764 1095 2834; baseline 0.002 -17"><span class='ocrx_word' id='word_1_214' title='bbox 83 2764 186 2819; x_wconf 86' lang='lat' dir='ltr'><strong><em>Lamia</em></strong></span> <span class='ocrx_word' id='word_1_215' title='bbox 199 2771 263 2833; x_wconf 90' lang='lat' dir='ltr'><strong><em>past</em></strong></span> <span class='ocrx_word' id='word_1_216' title='bbox 284 2765 431 2819; x_wconf 80' lang='lat' dir='ltr'><strong><em>discessum</em></strong></span> <span class='ocrx_word' id='word_1_217' title='bbox 448 2771 526 2819; x_wconf 90' lang='lat' dir='ltr'><strong><em>tuum</em></strong></span> <span class='ocrx_word' id='word_1_218' title='bbox 543 2765 737 2834; x_wconf 81' lang='lat' dir='ltr'><strong><em>epistulamque</em></strong></span> <span class='ocrx_word' id='word_1_219' title='bbox 754 2766 792 2819; x_wconf 81' lang='lat' dir='ltr'><strong><em>acl</em></strong></span> <span class='ocrx_word' id='word_1_220' title='bbox 810 2781 851 2819; x_wconf 91' lang='lat' dir='ltr'><strong><em>me</em></strong></span> <span class='ocrx_word' id='word_1_221' title='bbox 869 2765 963 2820; x_wconf 87' lang='lat' dir='ltr'><strong><em>attulit</em></strong></span> <span class='ocrx_word' id='word_1_222' title='bbox 984 2765 1095 2819; x_wconf 86' lang='lat' dir='ltr'><strong><em>missam</em></strong></span> 
     </span>
     <span class='ocr_line' id='line_1_29' title="bbox 83 2836 1094 2905; baseline 0.001 -16"><span class='ocrx_word' id='word_1_223' title='bbox 83 2836 137 2889; x_wconf 83' lang='lat' dir='ltr'><strong><em>sibi</em></strong></span> <span class='ocrx_word' id='word_1_224' title='bbox 155 2852 174 2889; x_wconf 92' lang='lat' dir='ltr'><strong><em>a</em></strong></span> <span class='ocrx_word' id='word_1_225' title='bbox 193 2836 316 2903; x_wconf 88' lang='lat' dir='ltr'><strong><em>Caesare,</em></strong></span> <span class='ocrx_word' id='word_1_226' title='bbox 334 2853 404 2905; x_wconf 76' lang='lat' dir='ltr'><strong><em>quae</em></strong></span> <span class='ocrx_word' id='word_1_227' title='bbox 421 2852 586 2905; x_wconf 74' lang='lat' dir='ltr'><strong><em>quamquam</em></strong></span> <span class='ocrx_word' id='word_1_228' title='bbox 603 2843 666 2891; x_wconf 92' lang='lat' dir='ltr'><strong><em>aute</em></strong></span> <span class='ocrx_word' id='word_1_229' title='bbox 684 2837 752 2892; x_wconf 81' lang='lat' dir='ltr'><strong><em>data</em></strong></span> <span class='ocrx_word' id='word_1_230' title='bbox 770 2842 829 2891; x_wconf 88' lang='lat' dir='ltr'><strong><em>erat</em></strong></span> <span class='ocrx_word' id='word_1_231' title='bbox 846 2853 928 2905; x_wconf 75' lang='lat' dir='ltr'><strong><em>quam</em></strong></span> <span class='ocrx_word' id='word_1_232' title='bbox 946 2837 1011 2890; x_wconf 90' lang='lat' dir='ltr'><strong><em>illae</em></strong></span> <span class='ocrx_word' id='word_1_233' title='bbox 1024 2836 1094 2890; x_wconf 87' lang='lat' dir='ltr'><strong><em>Dio·</em></strong></span> 
     </span>
     <span class='ocr_line' id='line_1_30' title="bbox 82 2906 1095 2975; baseline 0.003 -16"><span class='ocrx_word' id='word_1_234' title='bbox 82 2907 225 2973; x_wconf 82' lang='lat' dir='ltr'><strong><em>chariuae,</em></strong></span> <span class='ocrx_word' id='word_1_235' title='bbox 252 2913 343 2962; x_wconf 78' lang='lat' dir='ltr'><strong><em>larsem</em></strong></span> <span class='ocrx_word' id='word_1_236' title='bbox 366 2907 451 2975; x_wconf 91' lang='lat' dir='ltr'><strong><em>plaue</em></strong></span> <span class='ocrx_word' id='word_1_237' title='bbox 475 2907 633 2963; x_wconf 84' lang='lat' dir='ltr'><strong><em>declarabat</em></strong></span> <span class='ocrx_word' id='word_1_238' title='bbox 658 2908 738 2961; x_wconf 88' lang='lat' dir='ltr'><strong><em>illum</em></strong></span> <span class='ocrx_word' id='word_1_239' title='bbox 761 2914 824 2963; x_wconf 90' lang='lat' dir='ltr'><strong><em>aule</em></strong></span> <span class='ocrx_word' id='word_1_240' title='bbox 851 2907 930 2961; x_wconf 83' lang='lat' dir='ltr'><strong><em>ludos</em></strong></span> <span class='ocrx_word' id='word_1_241' title='bbox 955 2906 1095 2962; x_wconf 86' lang='lat' dir='ltr'><strong><em>Ilomauos</em></strong></span> 
     </span>
     <span class='ocr_line' id='line_1_31' title="bbox 83 2978 1094 3048; baseline 0.002 -17"><span class='ocrx_word' id='word_1_242' title='bbox 83 2993 137 3031; x_wconf 89' lang='lat' dir='ltr'><strong><em>csse</em></strong></span> <span class='ocrx_word' id='word_1_243' title='bbox 164 2984 323 3045; x_wconf 90' lang='lat' dir='ltr'><strong><em>oeuturum;</em></strong></span> <span class='ocrx_word' id='word_1_244' title='bbox 350 2980 382 3032; x_wconf 89' lang='lat' dir='ltr'><strong><em>iu</em></strong></span> <span class='ocrx_word' id='word_1_245' title='bbox 409 2995 464 3046; x_wconf 78' lang='lat' dir='ltr'><strong><em>qua</em></strong></span> <span class='ocrx_word' id='word_1_246' title='bbox 491 2984 610 3032; x_wconf 82' lang='lat' dir='ltr'><strong><em>eatrema</em></strong></span> <span class='ocrx_word' id='word_1_247' title='bbox 636 2979 767 3048; x_wconf 89' lang='lat' dir='ltr'><strong><em>scriptum</em></strong></span> <span class='ocrx_word' id='word_1_248' title='bbox 794 2985 865 3045; x_wconf 89' lang='lat' dir='ltr'><strong><em>erat,</em></strong></span> <span class='ocrx_word' id='word_1_249' title='bbox 892 2984 924 3032; x_wconf 91' lang='lat' dir='ltr'><strong><em>ut</em></strong></span> <span class='ocrx_word' id='word_1_250' title='bbox 950 2978 988 3031; x_wconf 79' lang='lat' dir='ltr'><strong><em>ael</em></strong></span> <span class='ocrx_word' id='word_1_251' title='bbox 1016 2979 1094 3033; x_wconf 85' lang='lat' dir='ltr'><strong><em>luelos</em></strong></span> 
     </span>
     <span class='ocr_line' id='line_1_32' title="bbox 83 3021 1092 3118; baseline 0.004 -18"><span class='ocrx_word' id='word_1_252' title='bbox 83 3048 177 3101; x_wconf 87' lang='lat' dir='ltr'><strong><em>ommia</em></strong></span> <span class='ocrx_word' id='word_1_253' title='bbox 203 3021 320 3116; x_wconf 53' lang='lat' dir='ltr'><strong><em>pararet,</em></strong></span> <span class='ocrx_word' id='word_1_254' title='bbox 342 3066 408 3104; x_wconf 87' lang='lat' dir='ltr'><strong><em>ueoe</em></strong></span> <span class='ocrx_word' id='word_1_255' title='bbox 434 3049 607 3104; x_wconf 88' lang='lat' dir='ltr'><strong><em>committeret</em></strong></span> <span class='ocrx_word' id='word_1_256' title='bbox 633 3056 664 3104; x_wconf 91' lang='lat' dir='ltr'><strong><em>ut</em></strong></span> <span class='ocrx_word' id='word_1_257' title='bbox 694 3050 840 3117; x_wconf 77' lang='lat' dir='ltr'><strong><em>frustra&#39;</em></strong></span> <span class='ocrx_word' id='word_1_258' title='bbox 828 3066 886 3118; x_wconf 82' lang='lat' dir='ltr'><strong><em>epse</em></strong></span> <span class='ocrx_word' id='word_1_259' title='bbox 913 3057 1092 3118; x_wconf 88' lang='lat' dir='ltr'><strong><em>properasset.</em></strong></span> 
     </span>
     <span class='ocr_line' id='line_1_33' title="bbox 84 3115 1094 3189; baseline 0.005 -18"><span class='ocrx_word' id='word_1_260' title='bbox 84 3115 203 3173; x_wconf 86' lang='lat' dir='ltr'><strong><em>Prorsus</em></strong></span> <span class='ocrx_word' id='word_1_261' title='bbox 230 3135 263 3172; x_wconf 82' lang='lat' dir='ltr'><strong><em>eu</em></strong></span> <span class='ocrx_word' id='word_1_262' title='bbox 288 3120 332 3174; x_wconf 76' lang='lat' dir='ltr'><strong><em>liis</em></strong></span> <span class='ocrx_word' id='word_1_263' title='bbox 359 3121 455 3174; x_wconf 88' lang='lat' dir='ltr'><strong><em>litteris</em></strong></span> <span class='ocrx_word' id='word_1_264' title='bbox 476 3136 534 3174; x_wconf 88' lang='lat' dir='ltr'><strong><em>mou</em></strong></span> <span class='ocrx_word' id='word_1_265' title='bbox 555 3121 699 3176; x_wconf 62' lang='lat' dir='ltr'><strong><em>cedebatur</em></strong></span> <span class='ocrx_word' id='word_1_266' title='bbox 720 3138 774 3176; x_wconf 90' lang='lat' dir='ltr'><strong><em>esse</em></strong></span> <span class='ocrx_word' id='word_1_267' title='bbox 795 3121 918 3187; x_wconf 83' lang='lat' dir='ltr'><strong><em>dubium,</em></strong></span> <span class='ocrx_word' id='word_1_268' title='bbox 940 3121 1009 3189; x_wconf 75' lang='lat' dir='ltr'><strong><em>quim</em></strong></span> <span class='ocrx_word' id='word_1_269' title='bbox 1031 3127 1094 3176; x_wconf 92' lang='lat' dir='ltr'><strong><em>aute</em></strong></span> 
     </span>
     <span class='ocr_line' id='line_1_34' title="bbox 84 3190 1140 3262; baseline 0.005 -20"><span class='ocrx_word' id='word_1_270' title='bbox 84 3206 144 3243; x_wconf 89' lang='lat' dir='ltr'><strong><em>eam</em></strong></span> <span class='ocrx_word' id='word_1_271' title='bbox 170 3190 242 3243; x_wconf 80' lang='lat' dir='ltr'><strong><em>aiem</em></strong></span> <span class='ocrx_word' id='word_1_272' title='bbox 263 3197 392 3245; x_wconf 79' lang='lat' dir='ltr'><strong><em>remmus</em></strong></span> <span class='ocrx_word' id='word_1_273' title='bbox 416 3198 495 3258; x_wconf 88' lang='lat' dir='ltr'><strong><em>esset,</em></strong></span> <span class='ocrx_word' id='word_1_274' title='bbox 519 3193 633 3260; x_wconf 70' lang='lat' dir='ltr'><strong><em>iamque</em></strong></span> <span class='ocrx_word' id='word_1_275' title='bbox 656 3192 760 3259; x_wconf 84' lang='lat' dir='ltr'><strong><em>Balbo,</em></strong></span> <span class='ocrx_word' id='word_1_276' title='bbox 783 3209 844 3246; x_wconf 88' lang='lat' dir='ltr'><strong><em>amu</em></strong></span> <span class='ocrx_word' id='word_1_277' title='bbox 866 3208 925 3245; x_wconf 91' lang='lat' dir='ltr'><strong><em>eam</em></strong></span> <span class='ocrx_word' id='word_1_278' title='bbox 949 3193 1094 3261; x_wconf 89' lang='lat' dir='ltr'><strong><em>epistulam</em></strong></span> <span class='ocrx_word' id='word_1_279' title='bbox 1138 3235 1140 3262; x_wconf 40' lang='lat' dir='ltr'>J</span> 
     </span>
     <span class='ocr_line' id='line_1_35' title="bbox 83 3260 550 3330; baseline 0.011 -18"><span class='ocrx_word' id='word_1_280' title='bbox 83 3260 195 3330; x_wconf 81' lang='lat' dir='ltr'><strong><em>lepisset,</em></strong></span> <span class='ocrx_word' id='word_1_281' title='bbox 213 3261 300 3316; x_wconf 82' lang='lat' dir='ltr'><strong><em>uideri</em></strong></span> <span class='ocrx_word' id='word_1_282' title='bbox 317 3261 420 3316; x_wconf 87' lang='lat' dir='ltr'><strong><em>Lamia</em></strong></span> <span class='ocrx_word' id='word_1_283' title='bbox 438 3262 550 3318; x_wconf 84' lang='lat' dir='ltr'><strong><em>dicebat</em></strong></span> 
     </span>
    </p>
   </div>
   <div class='ocr_carea' id='block_1_15' title="bbox 455 3404 717 3460">
    <p class='ocr_par' dir='ltr' id='par_1_15' title="bbox 455 3404 717 3460">
     <span class='ocr_line' id='line_1_36' title="bbox 455 3404 717 3460; baseline 0.004 -2"><span class='ocrx_word' id='word_1_284' title='bbox 455 3404 514 3458; x_wconf 80' lang='lat' dir='ltr'><strong><em>AD</em></strong></span> <span class='ocrx_word' id='word_1_285' title='bbox 533 3405 717 3460; x_wconf 86' lang='lat' dir='ltr'><strong><em>BALBUM.</em></strong></span> 
     </span>
    </p>
   </div>
   <div class='ocr_carea' id='block_1_16' title="bbox 82 3465 1091 3644">
    <p class='ocr_par' dir='ltr' id='par_1_16' title="bbox 82 3465 1091 3644">
     <span class='ocr_line' id='line_1_37' title="bbox 154 3465 1090 3572; baseline 0.003 -19"><span class='ocrx_word' id='word_1_286' title='bbox 154 3497 208 3554; x_wconf 80' lang='lat' dir='ltr'><strong><em>aa.</em></strong></span> <span class='ocrx_word' id='word_1_287' title='bbox 228 3499 265 3554; x_wconf 77' lang='lat' dir='ltr'><strong><em>aa</em></strong></span> <span class='ocrx_word' id='word_1_288' title='bbox 283 3499 340 3554; x_wconf 76' lang='lat' dir='ltr'><strong><em>Aa.</em></strong></span> <span class='ocrx_word' id='word_1_289' title='bbox 360 3501 561 3570; x_wconf 76' lang='lat' dir='ltr'><strong><em>xs11‚cs,e</em></strong></span> <span class='ocrx_word' id='word_1_290' title='bbox 584 3503 667 3572; x_wconf 68' lang='lat' dir='ltr'><strong><em>pru.</em></strong></span> <span class='ocrx_word' id='word_1_291' title='bbox 689 3503 733 3558; x_wconf 79' lang='lat' dir='ltr'><strong><em>ea.</em></strong></span> <span class='ocrx_word' id='word_1_292' title='bbox 753 3503 847 3571; x_wconf 73' lang='lat' dir='ltr'><strong><em>sea).</em></strong></span> <span class='ocrx_word' id='word_1_293' title='bbox 885 3465 1007 3558; x_wconf 72' lang='lat' dir='ltr'><strong><em>sucum</em></strong></span> <span class='ocrx_word' id='word_1_294' title='bbox 1028 3520 1090 3557; x_wconf 77' lang='lat' dir='ltr'><strong><em>eou-</em></strong></span> 
     </span>
     <span class='ocr_line' id='line_1_38' title="bbox 82 3571 1091 3644; baseline 0.005 -21"><span class='ocrx_word' id='word_1_295' title='bbox 82 3571 143 3624; x_wconf 89' lang='lat' dir='ltr'><strong><em>oem&#39;</em></strong></span> <span class='ocrx_word' id='word_1_296' title='bbox 161 3612 168 3624; x_wconf 92' lang='lat'><strong><em>.</em></strong></span> <span class='ocrx_word' id='word_1_297' title='bbox 185 3611 212 3624; x_wconf 91' lang='lat'><strong><em>..</em></strong></span> <span class='ocrx_word' id='word_1_298' title='bbox 232 3587 265 3625; x_wconf 84' lang='lat' dir='ltr'><strong><em>eu</em></strong></span> <span class='ocrx_word' id='word_1_299' title='bbox 283 3587 312 3625; x_wconf 92' lang='lat' dir='ltr'><strong><em>eo</em></strong></span> <span class='ocrx_word' id='word_1_300' title='bbox 330 3572 395 3627; x_wconf 84' lang='lat' dir='ltr'><strong><em>laec</em></strong></span> <span class='ocrx_word' id='word_1_301' title='bbox 405 3573 540 3642; x_wconf 63' lang='lat' dir='ltr'><strong><em>mutum:</em></strong></span> <span class='ocrx_word' id='word_1_302' title='bbox 558 3574 661 3643; x_wconf 85' lang='lat' dir='ltr'><strong><em>„paulo</em></strong></span> <span class='ocrx_word' id='word_1_303' title='bbox 674 3581 737 3630; x_wconf 89' lang='lat' dir='ltr'><strong><em>aute</em></strong></span> <span class='ocrx_word' id='word_1_304' title='bbox 751 3591 906 3644; x_wconf 80' lang='lat' dir='ltr'><strong><em>acceperam</em></strong></span> <span class='ocrx_word' id='word_1_305' title='bbox 919 3592 964 3630; x_wconf 92' lang='lat' dir='ltr'><strong><em>eas</em></strong></span> <span class='ocrx_word' id='word_1_306' title='bbox 978 3575 1091 3641; x_wconf 87' lang='lat' dir='ltr'><strong><em>litteras,</em></strong></span> 
     </span>
    </p>
   </div>
   <div class='ocr_carea' id='block_1_17' title="bbox 878 3664 930 3719">
    <p class='ocr_par' dir='ltr' id='par_1_17' title="bbox 878 3664 930 3719">
     <span class='ocr_line' id='line_1_39' title="bbox 878 3664 930 3719; baseline 0.019 -1"><span class='ocrx_word' id='word_1_307' title='bbox 878 3664 930 3719; x_wconf 76' lang='lat'><strong><em>15*</em></strong></span> 
     </span>
    </p>
   </div>
   <div class='ocr_carea' id='block_1_18' title="bbox 0 0 1212 3968">
    <p class='ocr_par' dir='ltr' id='par_1_18' title="bbox 0 0 1212 3968">
     <span class='ocr_line' id='line_1_40' title="bbox 0 0 1212 3968; baseline 0 1"><span class='ocrx_word' id='word_1_308' title='bbox 0 0 1212 3968; x_wconf 95' lang='lat' dir='ltr'><strong><em> </em></strong></span> 
     </span>
    </p>
   </div>
  </div>
 </body>
</html>
