2414 3968
138 198 159 260 6
409 196 556 251 BELLUM
574 196 876 251 ALEXANDRINUM.

137 340 253 406 salsior
277 340 374 425 paulo
402 344 531 425 praeter
557 341 821 406 consuetudinem
848 362 932 425 aqua
959 339 1162 405 trahebatur

137 460 178 503 ex
204 438 361 522 proximis
384 438 537 504 aedificiis
565 458 780 524 magnamque
804 436 991 503 hominibus
1016 437 1160 503 admira·

137 538 259 602 tionem
276 536 459 622 praebebat,
484 557 580 619 quam
594 537 718 601 obrem
737 535 771 599 id
784 534 968 612 accidisset;
992 556 1055 600 nec
1076 536 1159 601 satis

136 635 200 700 sibi
223 635 286 718 ipsi
309 633 490 716 credebant,
513 654 586 697 cum
609 656 643 698 se
666 632 832 698 inferiores
856 632 999 697 eiusdem
1023 634 1158 718 generis

136 753 173 796 ao
196 732 320 815 saporis
349 752 432 815 aqua
455 730 596 794 dicerent
623 730 685 814 uti,
713 734 809 814 atque
833 732 907 794 ante
931 735 1159 816 consuessent,

135 828 297 914 vulgoque
320 828 406 892 inter
424 849 458 892 se
476 826 683 892 conferebant
703 832 736 892 et
758 827 969 913 degustando,
991 832 1158 912 quantum

102 927 221 992 ainter
248 948 282 991 se
311 924 477 989 differrent
504 946 618 1009 aquae,
650 924 894 1010 cognoscebant.
939 922 1046 988 Parvo
1077 947 1157 993 vero

136 1022 293 1107 temporis
312 1021 418 1106 spatio
435 1022 514 1087 haec
536 1022 668 1106 propior
686 1021 755 1086 bibi
774 1021 904 1086 omnino
924 1043 988 1085 non
1011 1025 1157 1108 poterat,

137 1121 195 1185 illa
217 1119 351 1184 inferior
373 1120 554 1204 corruptior
576 1120 641 1184 iam
664 1119 842 1203 salsiorque
865 1117 1100 1201 reperiebatur.

104 1232 118 1278 1
204 1214 277 1280 VII.
311 1214 381 1293 Quo
404 1217 490 1281 facto
510 1215 710 1280 dubitatione
733 1214 860 1280 sublata
882 1218 993 1280 tantus
1017 1216 1158 1282 incessit

139 1314 245 1398 timor,
268 1317 306 1378 ut
328 1313 369 1378 ad
391 1317 570 1378 extremum
594 1335 704 1378 casum
726 1312 863 1397 periculi
886 1334 997 1377 omnes
1022 1312 1157 1380 deducti

138 1411 323 1477 viderentur
345 1416 442 1495 atque
470 1411 526 1476 alii
552 1411 671 1475 morari
695 1408 862 1475 Gaesarem
887 1409 1043 1494 dicerent,
1073 1413 1156 1496 quin

138 1531 235 1574 naves
259 1508 470 1573 conscendere
494 1507 631 1592 iuberet,
659 1507 715 1572 alii
738 1509 842 1573 multo
865 1507 995 1592 grauiam
1018 1508 1155 1574 extima

139 1609 264 1671 seerent
282 1604 435 1689 [casum],
454 1604 541 1688 quod
557 1627 661 1689 neque
680 1605 776 1670 celari
788 1603 1156 1690 Alexandrinipossent

139 1702 174 1766 in
203 1701 385 1786 apparanda
415 1701 507 1785 fuga,
539 1722 612 1765 oum
639 1706 706 1766 tam
733 1724 832 1787 parvo
860 1701 964 1786 spatio
993 1701 1156 1771 distarent

141 1800 180 1863 ab
204 1799 291 1882 ipsis,
314 1820 417 1881 neque
440 1798 506 1862 illis
524 1799 766 1864 imminentibus
785 1803 881 1883 atque
905 1799 1155 1882 insequentibus

105 1895 226 1959 aullus
255 1895 289 1958 in
316 1917 414 1958 naves
441 1899 588 1979 receptus
616 1895 752 1976 daretur.
797 1896 879 1960 Erat
901 1899 1009 1960 autem
1032 1920 1156 1985 magna

139 1991 314 2056 multitudo
333 1991 566 2076 oppidanorum
588 1993 622 2057 in
644 1997 735 2078 pa1te
754 1992 907 2077 Caesaris,
931 2015 1027 2077 quam
1051 1995 1155 2062 domi·

140 2089 223 2154 ciliis
245 2089 390 2172 ipsorum
412 2110 477 2153 non
500 2095 653 2176 moverat,
676 2091 762 2176 quod
785 2114 821 2155 ea
839 2113 873 2155 se
891 2090 1019 2154 fidelem
1042 2093 1155 2177 palam

84 2261 89 2270 ι
140 2186 259 2252 nostris
286 2208 356 2251 esse
384 2186 557 2252 simulabat
580 2193 613 2253 et
641 2189 812 2253 descivisse
835 2209 854 2251 a
877 2188 944 2252 suis
966 2188 1155 2257 videbatur:

140 2288 173 2349 at
197 2282 278 2348 mibi
305 2284 335 2348 si
358 2283 547 2349 defendendi
570 2291 678 2351 essent
699 2284 911 2350 Alexandrini
933 2307 1037 2370 neque
1060 2288 1156 2353 falla

140 2404 191 2446 ees
214 2403 283 2446 esse
303 2402 406 2466 neque
424 2382 599 2466 temerarii,
622 2383 725 2448 multa
744 2383 847 2447 oratio
865 2382 986 2446 frustra
1004 2383 1156 2453 absume·

104 2493 120 2539 3
138 2484 240 2563 retur3
264 2499 337 2542 cum
355 2500 431 2542 vero
450 2500 515 2542 uno
534 2482 678 2562 tempore
696 2485 729 2545 et
746 2480 834 2544 natio
854 2501 964 2544 eorum
983 2485 1017 2545 et
1034 2487 1158 2550 naum

140 2579 365 2660 cognoscatur,
392 2574 596 2657 aptissimum
623 2597 692 2639 esse
719 2576 781 2642 hoc
806 2598 909 2663 genus
932 2578 973 2643 ad
994 2579 1156 2662 proditio

139 2695 213 2736 nem
236 2672 384 2736 dubitare
406 2693 500 2736 nemo
520 2675 636 2755 potest.

106 2782 119 2829 1
206 2766 296 2832 VIII.
334 2766 451 2831 Caesar
474 2789 605 2832 suorum
632 2768 781 2836 timorem
805 2770 1022 2836 consolatione
1046 2776 1082 2837 et
1104 2796 1157 2839 ra-

140 2863 228 2929 tione
250 2864 425 2928 minuebat.
470 2863 556 2930 Nam
579 2865 685 2949 puteis
707 2866 804 2932 fossis
823 2890 939 2952 aquam
958 2867 1086 2934 dulcem
1105 2893 1157 2937 re

81 2985 86 2994 ·
140 2960 238 3045 periri
260 2983 354 3045 posse
378 2961 579 3026 adfirmabat:
603 2963 711 3027 omnia
733 2965 819 3029 enim
840 2965 938 3030 litora
959 2967 1158 3034 naturaliter

105 3073 241 3141 eaquae
265 3058 368 3123 dulcis
390 3081 487 3124 venas
510 3060 637 3125 habere.
684 3059 777 3137 Quod
799 3063 828 3126 si
850 3063 914 3127 alia
937 3066 1022 3128 esset
1043 3061 1156 3131 litoris

139 3153 294 3238 Aegyptii
325 3158 440 3220 natura
477 3159 573 3240 atque
610 3159 754 3222 omnium
785 3159 1001 3244 reliquorum,
1033 3163 1157 3250 tamen,

140 3251 292 3334 quoniam
319 3274 407 3317 mare
433 3252 536 3319 libere
562 3257 721 3339 tenerent,
751 3277 854 3340 neque
881 3256 991 3321 hostes
1014 3257 1158 3328 classem

139 3348 302 3433 haberent,
325 3349 489 3433 prohiberi
512 3375 581 3417 sese
604 3374 669 3417 non
692 3372 795 3437 posse,
818 3375 882 3437 quo
905 3354 1013 3419 minus
1033 3357 1158 3424 cotidie

139 3445 275 3510 navibus
303 3468 419 3530 aquam
446 3453 593 3532 peterent
614 3447 666 3513 vel
696 3470 715 3511 a
742 3449 872 3514 sinistra
898 3455 989 3535 parte
1013 3473 1033 3514 a
1054 3451 1157 3520 Para-

139 3540 230 3606 tonio
244 3543 296 3608 vel
310 3566 329 3607 a
343 3544 455 3610 dextra
469 3545 509 3610 ab
528 3545 642 3630 insula,
666 3567 748 3630 quae
767 3546 909 3611 diversae
927 3547 1157 3633 navigationes

81 3660 157 3704 ι
