2414 3968
380 219 455 273 cle.
474 218 719 274 1111111-111111111.
1016 221 1058 285 67

58 364 142 427 citus
162 361 306 428 Caesaris
325 363 403 428 facit
420 364 518 427 verba
540 366 573 427 et
595 362 781 428 cohortatus
804 384 880 428 suos
897 364 1065 428 victoriam

57 461 221 543 propriam
236 483 270 525 se
285 461 330 525 eis
349 461 439 526 brevi
455 460 605 524 daturum
623 460 801 543 pollicetur.
843 457 958 524 Caesar
975 461 1064 525 iubet
1082 479 1098 525 2

57 557 178 621 milites
206 579 317 622 rursus
346 558 386 621 ad
418 579 499 642 opus
525 557 627 621 redire
650 561 682 622 et
707 578 765 641 per
787 578 914 621 causam
936 558 1065 622 muniti-

58 675 156 717 onum
187 656 308 719 tirones
344 656 378 719 in
413 654 527 719 labore
562 654 735 739 defatigare
770 675 837 717 non
871 653 1063 718 intermittit.

55 746 190 814 Interim
207 749 366 816 Numidae
382 750 566 833 Gaetulique
587 751 742 835 diffugere
761 750 878 816 cotidie
896 773 937 815 ex
951 751 1063 816 castris
1082 770 1098 818 3

58 843 218 930 Scipionis
248 852 287 921 et
308 848 428 932 partim
456 848 491 912 in
519 869 657 933 regnum
687 870 721 912 se
750 848 906 933 conferre,
936 849 1064 933 partim,

58 945 145 1028 quod
176 945 239 1028 ipsi
270 945 470 1028 maioresque
501 966 612 1009 eorum
645 945 800 1009 beneficio
831 943 864 1009 C.
886 943 982 1009 Marii
1012 944 1064 1009 usi

56 1041 193 1105 fuissent
217 1040 446 1126 Caesaremque
469 1042 538 1107 eius
562 1041 699 1106 adfinem
727 1062 796 1106 esse
823 1041 995 1106 audiebant
1029 1041 1064 1105 in

56 1139 126 1202 eius
162 1143 267 1202 castra
305 1138 475 1223 perfugere
513 1138 700 1203 catervatim
736 1160 801 1202 non
836 1138 1063 1203 intermittunt

57 1234 201 1311 Quorum
230 1256 270 1299 ex
300 1256 434 1299 numero
466 1234 575 1300 electis
603 1235 788 1300 hominibus
824 1235 1097 1304 inlustrioribusr

57 1330 240 1416 [Gaetulos]
267 1335 300 1396 ct
325 1331 444 1396 litteris
472 1331 512 1395 ad
538 1354 615 1397 suos
644 1333 729 1397 cives
757 1332 840 1397 datis
869 1332 1063 1418 cohortatus,

55 1429 106 1492 uti
127 1449 225 1492 manu
246 1427 333 1491 facta
355 1449 390 1493 se
412 1450 551 1512 suosque
570 1429 783 1514 defenderent,
805 1450 845 1493 ne
869 1429 936 1494 suis
959 1428 1062 1492 inimi-

56 1526 102 1590 cis
126 1524 379 1608 adversariisque
402 1525 489 1589 dicto
512 1526 676 1592 audientes
699 1530 819 1610 essent,
841 1526 951 1590 mittit.
981 1569 983 1574 ,

121 1619 271 1686 XXXIII.
311 1620 399 1686 Dum
421 1621 500 1687 haec
523 1622 564 1687 ad
584 1623 765 1707 Ruspinam
787 1623 880 1706 fiunt,
901 1621 999 1706 legati
1021 1643 1094 1692 ex1

55 1719 179 1803 Acylla,
202 1719 332 1784 civitate
350 1718 452 1784 libera
470 1724 503 1784 et
520 1720 667 1806 immuni,
688 1720 728 1783 ad
746 1718 912 1784 Caesarem
928 1719 1062 1784 veniunt

55 1838 153 1901 seque
175 1819 314 1899 paratos,
340 1837 558 1901 quaecumque
580 1819 781 1902 imperasset,
804 1822 838 1882 et
858 1816 974 1881 libenti
996 1816 1060 1881 ani·

55 1935 109 1978 mo
131 1912 273 1976 facturos
295 1910 503 1998 pollicentur3
525 1917 652 1980 tantum
670 1936 760 1979 orare
779 1917 812 1979 et
828 1918 936 1998 petere
955 1913 995 1977 ab
1014 1936 1060 1999 eo,

56 2011 105 2073 uti
129 2008 191 2072 sibi
213 2007 408 2090 praesidium
432 2009 533 2093 daret,
560 2032 624 2094 quo
652 2012 755 2076 tutius
776 2011 811 2075 id
833 2015 866 2076 et
888 2012 956 2076 sine
978 2012 1060 2094 peri-

57 2107 128 2171 culo
151 2106 254 2169 facere
277 2109 424 2191 possent3
447 2128 481 2171 se
504 2107 756 2173 et'frumentum
779 2110 820 2191 et,
842 2129 1060 2192 quaecumque

55 2226 107 2268 res
134 2204 180 2268 eis
208 2206 405 2287 suppeteret,
435 2204 612 2268 communis
640 2198 753 2269 salutis
781 2205 885 2288 gratia
906 2204 1059 2269 submini-

56 2304 221 2365 straturos.
268 2297 391 2374 Quibus
422 2298 518 2364 rebus
549 2300 642 2364 facile
670 2323 689 2364 a
717 2298 848 2364 Caesare
878 2300 1092 2384 impetratise

54 2397 276 2484 praesidioque
295 2395 379 2480 dato,
399 2393 435 2460 C.
452 2394 622 2481 Messium,
645 2396 790 2461 aedilicia
807 2397 952 2462 functum
972 2402 1058 2481 pote

55 2500 147 2579 state,
169 2492 318 2576 Acyllam
336 2492 426 2557 iubet
448 2493 616 2577 proficisci.
661 2491 786 2570 Quibus
807 2495 903 2558 rebus
921 2495 1058 2580 cognitis
1076 2517 1092 2565 3

55 2591 225 2659 Considius
242 2587 387 2674 Longus,
411 2590 467 2674 qui
484 2588 676 2655 Hadrumeti
694 2612 767 2656 cum
785 2590 909 2655 duabus
927 2589 1059 2676 legioni-

54 2692 114 2755 bus
151 2692 184 2753 et
220 2688 382 2772 equItibus
413 2704 482 2752 nco
513 2692 671 2771 praeerat,
707 2686 851 2752 celeriter
886 2686 932 2750 ibi
968 2691 1058 2769 parte

54 2786 204 2871 praesidii
230 2784 345 2850 relicta
370 2806 443 2850 cum
467 2802 531 2849 vm
557 2783 743 2848 cohortibus
771 2785 811 2848 ad
837 2782 985 2867 Acyllam
1011 2783 1058 2849 irc

55 2883 226 2947 contendit.
253 2880 391 2946 Messius
410 2880 544 2946 celerius
562 2881 676 2946 itinere
694 2880 839 2946 confecto
856 2881 946 2964 prior
963 2878 1056 2964 Acyl·
1075 2908 1092 2955 4

54 2980 119 3044 lam
142 3002 214 3044 oum
237 2979 422 3045 cohortibus
444 2978 598 3064 pervenit.
641 2977 811 3043 Considius
833 2976 962 3042 interim
984 2999 1058 3042 cum
1076 2996 1091 3043 5

55 3077 95 3141 ad
123 3077 235 3141 urbem
265 3099 337 3140 cum
367 3077 467 3161 copiis
496 3075 681 3141 accessisset
714 3079 748 3140 et
781 3074 1057 3139 animadvertisset

54 3173 248 3258 praesidium
268 3171 411 3238 Caesaris
433 3174 480 3239 ibi
502 3195 581 3257 esse,
603 3195 669 3238 non
692 3194 787 3237 ausus
809 3173 988 3256 periculum
1005 3195 1056 3238 su·

55 3291 147 3334 orum
169 3269 272 3333 facere
294 3269 384 3334 nulla
404 3292 439 3335 re
466 3274 558 3355 gesta
579 3292 638 3354 pro
660 3269 867 3334 multitudine
888 3270 1056 3334 hominum

54 3387 165 3430 rursus
192 3386 226 3429 se
253 3363 487 3432 Hadrumetum
515 3368 648 3450 recepit,
685 3367 809 3451 deinde,
840 3367 950 3451 paucis
982 3371 1057 3450 post

54 3464 166 3528 diebus
193 3463 394 3547 equestribus
421 3463 522 3547 copiis
549 3462 729 3528 aLabieno
757 3464 916 3547 adductis,
945 3483 1055 3527 rursus

53 3559 254 3644 Acyllitanos
278 3560 389 3624 castris
412 3561 527 3644 positis
551 3561 694 3625 obsidere
717 3561 829 3644 coepit.

719 3693 721 3696 ,
860 3663 896 3716 5*
