2414 3968
440 215 516 270 111.
535 216 688 272 11-11111.
1027 217 1070 283 79

59 360 210 443 sarianas,
230 381 311 444 quae
329 359 365 422 in
383 359 522 424 statione
536 360 621 444 apud
635 359 800 446 Thapsum
819 362 957 446 stabant,
969 362 1073 446 veriti,

58 479 99 520 ne
126 456 160 520 in
188 457 443 521 adversariorum
469 460 508 520 ut
534 457 707 522 insidiandi
735 459 840 544 gratia
866 460 912 524 ibi
934 479 1071 523 commc-

58 553 199 616 rantium
219 552 354 617 classem
373 552 549 617 inciderent
571 555 798 641 imprudentes,
820 556 891 622 vela
913 557 947 621 in
970 556 1071 620 altum

59 650 215 714 dederunt
238 671 275 713 ac
298 649 352 713 diu
371 648 574 735 multumque
592 652 702 716 iactati
720 652 849 716 tandem
867 651 978 716 multis
996 653 1072 735 post

59 747 172 811 diebus
195 747 251 811 siti
273 746 445 831 inopiaque
468 748 607 812 confecti
629 748 669 811 ad
688 747 855 813 Gaesarem
871 748 1070 833 perveniunt.

123 841 226 908 LIIH.
263 841 387 920 Quibus
407 842 592 928 legionibus
611 845 765 928 expositis
783 868 907 910 memor
924 846 958 909 in
975 843 1071 909 Italia
1088 862 1104 911 1

57 940 211 1025 pristinae
233 939 382 1004 licentiae
405 939 557 1005 militaris
581 963 617 1006 ac
634 942 819 1026 rapinarum
838 947 997 1008 certorum
1014 940 1072 1005 ho-

57 1038 180 1102 minum
203 1036 370 1122 parvulam
393 1037 488 1101 modo
512 1037 675 1103 causulam
700 1044 813 1105 nactus
838 1039 961 1124 Caesar,
984 1036 1071 1123 quod

58 1134 91 1200 G.
114 1134 271 1220 Avienus,
303 1135 453 1198 tribunus
486 1133 627 1199 militum
654 1153 679 1200 x
705 1136 857 1222 legionis,
886 1158 1002 1201 navem
1032 1155 1070 1200 aa

57 1236 238 1297 commeatu
273 1231 398 1295 familia
434 1252 492 1295 sua
527 1233 624 1315 atque
660 1233 812 1299 iumentis
851 1233 1071 1318 occupavisset
1105 1255 1107 1260 ·

56 1352 160 1414 neque
192 1329 330 1393 militem
361 1350 462 1393 unum
495 1328 534 1392 ab
568 1326 679 1393 Sicilia
710 1330 909 1415 sustulisset,
938 1334 1071 1414 postero

59 1427 109 1491 dic
133 1427 171 1491 de
195 1429 351 1512 suggestu
375 1424 558 1490 convocatis
582 1427 725 1491 omnium
747 1427 912 1512 legionum
929 1426 1069 1490 tribunis

57 1524 376 1607 centurionibusque,
409 1521 561 1586 ‘Maxime
590 1522 727 1607 vellem',
759 1523 878 1608 inquit,
910 1523 1104 1587 ‘hominess

58 1644 134 1685 suae
157 1619 353 1705 petulantiae
378 1619 559 1704 nimiaeque
586 1619 746 1683 libertatis
774 1618 944 1703 aliquando
970 1619 1067 1684 finem

56 1719 209 1782 fecissent
244 1738 398 1801 meaeque
433 1716 590 1801 lenitatis,
626 1716 801 1781 modestiae
832 1715 1068 1801 patientiaeque

56 1815 214 1879 rationem
244 1813 442 1878 habuissent.
498 1811 561 1879 Sed
594 1813 745 1897 quoniam
776 1813 840 1897 ipsi
871 1812 934 1877 sibi
965 1824 1103 1897 nequas

56 1910 188 1975 modum
210 1931 314 1993 neque
336 1909 511 1974 terminum
534 1911 748 1995 constituunt,
772 1932 835 1995 quc
858 1911 956 1976 ceteri
978 1910 1068 1976 dissi-

57 2007 178 2071 militer
200 2026 236 2070 se
256 2009 379 2090 gerant,
402 2009 530 2090 egomet
548 2005 617 2088 ipse
636 2007 861 2072 documentum
879 2030 968 2073 more
986 2009 1068 2072 rnili-

57 2103 119 2168 tari
142 2102 345 2167 constituam.
387 2099 420 2166 0.
439 2099 573 2184 Α11111,
595 2102 681 2184 quod
704 2103 738 2167 in
759 2101 855 2167 Italia
876 2103 995 2168 milites
1013 2116 1104 2188 po·4

56 2199 126 2285 puli
144 2198 284 2263 Romani
303 2201 416 2262 contra
437 2196 668 2281 rempublicam
691 2197 855 2282 instigasti
876 2199 1068 2282 rapinasque
1106 2226 1108 2232 ·

56 2320 114 2382 per
142 2295 319 2379 municipia
349 2295 456 2359 fecisti
489 2293 637 2378 quodque
669 2293 751 2358 mihi
780 2295 891 2378 reique
921 2294 1068 2379 publicae

56 2393 181 2459 inutilis
208 2393 302 2458 fuisti
330 2395 363 2456 et
389 2414 448 2477 pro
476 2391 636 2455 militibus
659 2394 748 2455 tuam
769 2391 925 2479 familiam
947 2391 1068 2455 iumen-

56 2497 152 2576 taque
173 2491 207 2554 in
229 2512 327 2556 naves
350 2487 536 2574 imposuisti
558 2491 678 2572 tuaque
700 2510 797 2572 opera
814 2488 972 2552 militibus
990 2492 1069 2552 tem·
1104 2501 1118 2518 ·“

55 2611 133 2674 pore
155 2589 335 2653 necessario
353 2586 534 2672 respublica
552 2589 647 2670 caret,
670 2586 711 2650 ob
731 2608 784 2650 eas
802 2607 854 2649 res
872 2584 1069 2670 ignominiae

57 2707 151 2750 causa
173 2685 213 2748 ab
237 2685 379 2750 exercitu
402 2705 474 2748 meo
497 2686 529 2748 11
552 2703 699 2747 removeo
722 2682 882 2766 hodieque
901 2705 941 2746 111
958 2681 1069 2747 Africa

57 2782 167 2847 abesse
190 2785 231 2866 et,
255 2784 414 2866 quantum
432 2783 519 2864 pote,
541 2780 702 2864 proficisci
719 2780 823 2845 iubeo.
862 2777 1008 2864 Itemque
1026 2784 1067 2865 te,

54 2875 94 2942 A.
112 2877 235 2964 Fontei,
260 2879 346 2963 quod
368 2878 517 2942 tribunus
542 2876 683 2941 militam
706 2877 878 2942 seditiosus
900 2877 1068 2961 malusque

57 2976 135 3039 civis
166 2975 270 3059 fuisti,
303 2978 335 3040 11
365 2975 405 3038 ab
434 2974 575 3038 exercitu
604 2974 741 3038 dimitto.
787 2972 823 3037 Τ.
853 2971 992 3057 Saliene,
1023 2972 1102 3038 Μ.1

56 3070 146 3155 Τ111,
169 3071 202 3137 0.
226 3071 387 3156 Clusinus,
411 3093 484 3137 cum
507 3070 634 3135 ordines
656 3071 691 3134 in
713 3090 785 3135 meo
810 3069 952 3135 exercitu
973 3070 1066 3135 bene·

55 3168 138 3251 ficio,
160 3190 226 3232 non
247 3170 367 3234 virtute
391 3168 553 3235 consecuti
571 3168 618 3232 ita
635 3188 693 3233 111
712 3167 886 3252 gesseritis,
908 3170 946 3231 ut
962 3189 1067 3252 neque

55 3265 141 3329 bello
173 3265 273 3330 fortes
305 3288 408 3350 neque
439 3288 517 3351 pace
548 3265 626 3329 boni
659 3267 715 3329 aut
746 3264 842 3329 utiles
874 3263 1001 3329 fueritis
1033 3267 1067 3329 et

54 3361 159 3445 magis
182 3362 216 3425 in
239 3361 395 3427 seditione
422 3362 683 3445 concitandisque
710 3359 869 3424 militibus
897 3360 1066 3424 adversum

53 3461 198 3523 vestrum
220 3458 445 3542 imperatorem
469 3481 565 3543 quam
592 3457 724 3544 pudoris
751 3457 989 3541 modestiaeque
1016 3456 1065 3520 fu·

53 3556 143 3620 eritis
171 3554 392 3641 studiosiores,
419 3555 570 3640 indignos
597 3578 655 3620 111
678 3577 748 3620 1111
771 3555 923 3639 arbitror,
952 3553 1008 3638 qui
1031 3553 1066 3616 in
