2414 3968
116 172 179 235 112
410 168 558 223 BELLUM
576 164 828 224 fflsrmmusu.

114 317 249 382 duorum
273 315 478 400 oppidorum,
501 315 542 381 ab
564 314 632 379 suis
655 313 769 379 castris
792 313 929 379 circiter
953 312 1054 379 milia
1076 334 1132 399 pes

113 437 208 481 suum
230 432 282 479 1111
306 434 439 499 grumus
462 418 512 478 est
534 411 693 479 excellens
716 415 844 495 natura,
868 412 931 496 qui
956 411 1132 497 appallutm

114 511 227 579 Castra
248 511 471 579 Postumiana:
497 511 543 575 ibi
566 509 718 594 praesidii
741 530 838 575 causa
861 509 1048 577 castellum
1069 507 1131 575 (lae

114 634 166 675 sar
190 609 306 676 habuit
328 610 486 675 constitut
543 660 550 673 .

80 725 94 772 1
181 706 287 773 VIIII.
334 706 428 784 Quod
449 706 633 790 Pompeius,
656 705 742 790 quod
764 703 879 769 eodem
902 705 990 793 iugo
1015 706 1131 793 tegeba-

113 810 167 871 tur
198 806 262 871 loci
295 809 410 870 natura
442 809 475 869 et
502 808 662 868 remotum
689 807 759 867 erat
785 825 804 866 a
831 803 955 869 castris
984 802 1131 885 Caesaris,

114 902 390 967 animadvertebat
411 902 474 967 loci
497 900 687 965 difficultate
711 905 757 977 et,
780 900 858 984 quia
880 901 1028 969 flumine
1052 900 1131 967 Salso

113 999 401 1082 intercludebatur,
428 1022 492 1065 non
516 1021 585 1064 esse
608 999 857 1064 commissurum
882 996 1081 1085 Caesarem,
1105 1004 1131 1067 ul

114 1097 148 1161 in
176 1100 267 1161 tanta
293 1097 357 1162 loci
384 1096 574 1162 difficultate
602 1096 642 1161 ad
669 1096 849 1162 subsidium
875 1097 1087 1166 mittendum
1106 1120 1130 1163 ae

115 1195 311 1279 demitteret,
333 1195 391 1260 illa
413 1195 515 1260 fretus
538 1194 689 1278 opinione
712 1195 809 1259 tertia
829 1194 949 1280 vigilia
972 1198 1130 1281 profectus

80 1292 284 1360 scastellum
317 1313 502 1379 oppugnare
532 1292 645 1376 coepit.
696 1291 777 1357 Cum
809 1291 1131 1379 adpropinquassent,

115 1391 255 1456 clamore
288 1391 455 1476 repentino
487 1390 625 1455 telorum
657 1389 864 1455 multitudine
897 1389 1011 1457 iactus
1040 1393 1130 1459 facere

115 1494 302 1575 coeperunt,
334 1490 382 1554 uti
414 1509 565 1573 magnam
594 1492 718 1573 partem
745 1486 915 1553 hominum
946 1489 1131 1557 vulneribus

79 1588 296 1654 sadficerent.
342 1586 413 1663 Quo
445 1590 574 1670 peracto
606 1607 680 1651 cum
713 1608 752 1651 ex
784 1584 917 1650 castello
954 1608 1130 1675 repugnare

114 1686 295 1769 coepissent
316 1684 556 1768 maioribusque
580 1684 694 1749 castris
718 1681 863 1749 Caesaris
887 1685 1034 1752 nuntius
1059 1690 1131 1753 esset

114 1782 249 1866 adlatus,
273 1804 346 1846 cum
369 1799 408 1844 111
430 1781 614 1866 legionibus
637 1785 686 1847 est
705 1781 878 1866 profectus,
902 1786 943 1846 ut
960 1782 1130 1851 laboranti-

78 1922 81 1928 ·
113 1880 175 1943 bus
212 1883 411 1944 succurreret
447 1879 579 1963 nostris3
616 1884 649 1943 et
684 1901 757 1945 cum
794 1877 835 1943 ad
872 1899 929 1945 eos
964 1881 1131 1967 adpropin-

115 1981 254 2063 quasset,
271 1978 350 2063 fuga
367 1977 530 2062 perterriti
548 1977 644 2042 multi
664 1981 741 2042 sunt
758 1974 930 2060 interfecti,
951 1981 1131 2065 complures

115 2076 210 2160 capti,
229 2076 262 2140 in
285 2076 403 2160 quibus
422 2075 484 2141 duo
503 2077 709 2152 melarione&
733 2073 829 2138 multi
847 2077 1022 2158 praeterea
1042 2078 1132 2145 armis

115 2175 204 2239 exuti
227 2174 391 2261 fugerunt,
414 2196 552 2258 quorum
575 2178 667 2238 scuta
689 2176 767 2237 sunt
788 2171 891 2236 relata
913 2189 1030 2239 Lm.

81 2289 94 2336 1
181 2272 219 2337 X.
260 2271 448 2357 insequenti
470 2271 540 2337 luce
564 2269 741 2357 Arguetius
765 2292 806 2334 ex
828 2267 925 2335 Italia
948 2293 1031 2339 cum
1055 2274 1139 2360 equi·

115 2374 184 2435 tatu
212 2372 309 2436 venit.
359 2369 392 2435 Is
420 2370 513 2455 signa
541 2366 794 2453 Saguntinorum
822 2366 952 2433 rettulit
983 2373 1135 2458 quinquo,

82 2485 198 2551 equae
230 2470 270 2533 ab
299 2467 468 2552 oppidanis
497 2466 590 2550 cepit.
642 2464 708 2533 Suo
736 2465 807 2530 loco
836 2466 1057 2550 praeteritum
1086 2474 1136 2551 est,

116 2565 202 2649 quod
234 2566 359 2650 equites
392 2587 431 2629 ex
458 2563 554 2629 ltalia
586 2586 660 2630 cum
687 2560 867 2647 Asprenate
896 2563 937 2629 ad
965 2563 1136 2635 Gaesarem

114 2664 286 2728 venissent.
332 2662 382 2725 Ea
410 2665 503 2726 nocte
525 2661 700 2745 Pompeius
726 2665 832 2726 castra
853 2682 912 2727 sua
935 2662 1090 2732 incendit
1110 2670 1137 2731 et

80 2761 156 2824 aad
180 2759 362 2825 Cordubam
389 2780 501 2823 versus
529 2760 591 2823 iter
617 2759 721 2824 facere
749 2759 863 2843 coepit
908 2757 981 2825 Rex
1007 2765 1136 2831 nomine

116 2856 210 2939 Indo,
238 2857 294 2940 qui
322 2879 394 2921 cum
423 2856 568 2939 equitatu
596 2879 670 2922 suas
698 2857 806 2941 copias
820 2856 1033 2944 adduxerat,
1064 2862 1137 2929 dum

116 2954 264 3037 cupidius
287 2974 402 3038 agmen
425 2954 680 3019 adversariorum
700 2955 889 3039 insequitur,
912 2976 932 3017 a
952 2959 1138 3029 vernaculis

116 3051 303 3136 legionariis
327 3056 479 3136 exceptus
502 3056 551 3117 est
574 3056 607 3117 et
630 3052 826 3118 interfectus.

82 3168 96 3215 1
160 3147 238 3215 XI.
284 3148 418 3215 Postero
446 3150 497 3215 die
521 3151 646 3235 equites
668 3150 773 3216 nostri
795 3147 925 3233 longius
949 3149 992 3214 ad
1019 3151 1139 3220 Cordu·

116 3248 191 3312 bam
223 3269 335 3312 versus
366 3248 528 3333 prosecuti
544 3252 638 3327 sunt
669 3270 737 3332 eos,
772 3247 828 3331 qui
860 3255 1068 3318 commeatus
1102 3252 1139 3319 ad

117 3349 223 3409 castra
244 3345 378 3430 Pompei
407 3363 446 3411 ex
475 3345 593 3429 oppido
621 3345 802 3430 portabunt.
846 3344 899 3408 Ex
923 3343 977 3409 his
1002 3351 1139 3435 captiu

84 3458 193 3507 scum
221 3443 373 3508 iumentis
400 3445 440 3509 ad
463 3447 574 3508 nostra
598 3443 727 3507 adducti
750 3446 827 3507 sunt
849 3446 963 3515 castra.
1011 3444 1139 3515 Eodem

119 3539 170 3604 die
194 3540 230 3618 Q.
253 3539 408 3627 Marcius,
434 3542 584 3607 tribunus
607 3540 749 3605 militum
773 3540 828 3624 qui
851 3522 968 3607 fdisset
990 3541 1143 3633 Pompei,
