2414 3968
374 219 452 274 CAP.
470 220 730 277 XXXI-mnu.
1013 225 1057 288 23

56 362 173 429 minori
204 362 337 429 tradidit
368 385 503 449 regnum
537 365 713 449 maiorique
745 388 785 432 ex
821 366 944 432 duabus
975 368 1061 452 filiis,

54 459 256 545 Cleopatrae,
286 483 367 546 quas
394 465 555 526 manserat
581 462 616 526 in
638 463 701 527 fide
723 463 954 550 praesidiisque
978 465 1060 550 eius3

57 558 226 640 minorem,
248 555 421 642 Arsinotn,
444 559 535 623 cuius
557 559 686 624 nomine
709 559 765 625 diu
787 581 937 645 regnasse
960 562 1059 645 impo-

56 658 161 720 tenter
176 653 381 739 Ganymeden
396 655 575 740 docuimus,
594 656 747 721 deduoere
761 678 802 721 ex
819 679 918 743 regno
937 659 1060 742 statuit,

56 774 97 817 ne
118 774 184 836 qua
204 775 316 818 rursus
338 775 423 819 nova
444 753 616 839 dissensio,
638 753 827 838 priusquam
851 755 1060 823 diuturnitate

55 849 320 917 confirmarentur
337 850 468 935 regibus
486 851 629 936 imperia,
650 869 709 935 per
725 849 872 916 homines
891 852 1060 918 seditiosos

57 950 247 1013 nasceretur.
282 946 441 1032 Legiones
460 948 506 1012 ibi
523 951 674 1012 veterana
691 950 783 1012 sexta
800 969 908 1012 secum
929 949 1060 1014 reducta
1078 965 1095 1014 3

55 1046 177 1108 ceteras
200 1043 341 1128 reliquit,
365 1065 429 1128 qno
451 1045 576 1110 firmius
597 1048 681 1110 esset
699 1065 810 1109 eorum
828 1066 941 1130 regum
963 1047 1060 1130 impe·

56 1141 149 1225 rium,
171 1140 228 1224 qui
244 1162 347 1226 neque
361 1163 503 1207 amorem
517 1163 648 1208 suorum
661 1142 780 1207 habere
793 1146 953 1228 poterant,
975 1144 1061 1228 quod

55 1237 194 1303 fideliter
216 1242 459 1321 permanserant
444 1239 516 1304 tin
539 1237 682 1304 Gesseris
706 1239 859 1324 amicitia,
885 1262 988 1326 neque
1010 1263 1060 1306 ve·

56 1333 186 1399 tustatis
215 1334 453 1419 auctoritatem,
465 1336 592 1496 tpaucis
622 1336 733 1400 diebus
762 1357 855 1421 reges
885 1338 1060 1403 constituti.

57 1430 161 1497 Simul
183 1430 260 1494 ad
250 1431 378 1514 imperii
404 1435 480 1497 nost
480 1433 508 1496 ri
531 1432 636 1518 dignit
638 1435 722 1496 atem
744 1435 782 1496 ut
767 1432 868 1498 tilitat
820 1436 982 1518 tatemque
1004 1452 1097 1518 pu·4

56 1529 172 1593 blicam
201 1528 361 1612 pertinere
389 1529 606 1615 existimabat,
634 1529 663 1594 si
689 1531 947 1614 permanerent
937 1553 972 1595 m
998 1531 1061 1596 fide

57 1647 163 1712 reges,
189 1626 358 1710 praesidiis
388 1647 443 1692 eos
469 1627 590 1692 nostris
613 1649 682 1694 ease
705 1630 808 1714 tutoa;
836 1628 864 1692 si
887 1629 1024 1694 essent
1014 1651 1060 1693 rn-

18 1783 21 1788 .
57 1724 156 1810 grati,
175 1745 269 1807 posse
292 1723 395 1788 isdem
417 1724 587 1808 praesidiis
610 1725 755 1790 coerceri.
802 1722 855 1790 Sic
877 1724 972 1790 rebus
995 1747 1060 1789 om-
1080 1741 1095 1790 5

56 1822 153 1888 nibus
182 1820 337 1886 confectis
374 1824 407 1886 et
443 1821 648 1887 collocatis
638 1844 709 1905 1pse
741 1821 870 1906 [itinere
902 1825 1046 1887 terrestrr
1037 1822 1059 1907 ]

56 1918 218 2004 profectus
241 1918 323 1982 est
313 1941 348 1982 m
373 1915 506 2000 Syriam.

124 2011 288 2078 XXXIIH.
310 2013 398 2077 Dum
410 2014 489 2079 haee
502 2014 700 2099 inAegypto
716 1983 881 2100 geruntur,
896 2037 953 2080 rex
966 2016 1060 2082 Deio·
1080 2035 1094 2083 1

58 2118 148 2177 tarua
167 2109 204 2173 ad
220 2108 403 2174 Domitium
422 2109 598 2195 Calvinum,
625 2112 677 2176 cui
696 2110 812 2177 Caesar
829 2111 942 2177 Asiam
963 2114 1060 2178 finiti-

58 2227 192 2292 masque
224 2205 407 2290 provinciae
444 2206 596 2271 administ
582 2207 710 2272 trandaa
747 2207 936 2293 tradiderat,
972 2209 1060 2274 venit

58 2307 200 2386 oratum,
223 2324 264 2367 ne
290 2299 478 2367 Armeniam
501 2303 670 2388 minorem,
693 2324 828 2389 regnum
851 2326 959 2388 suum,
981 2327 1060 2369 neve

58 2399 303 2486 Cappadociam,
325 2419 462 2483 regnum
484 2397 724 2484 Ariobarzanis,
749 2400 908 2484 possideri
929 2402 1060 2465 vastari-

57 2521 121 2585 que
143 2500 304 2582 pateretur
327 2495 542 2582 anarnace;
564 2517 628 2580 quo
651 2496 736 2561 malo
754 2496 818 2562 nisi
839 2496 1061 2582 liberarentur,

44 2597 216 2681 imperata
245 2617 276 2659 ae
307 2594 412 2659 facere
448 2593 679 2678 pecuniamque
709 2593 901 2678 promissam
934 2593 1061 2660 Caesari

57 2716 123 2759 non
148 2713 243 2777 posse
267 2691 456 2775 persolvere.
501 2690 680 2776 Domitius,
710 2713 774 2757 non
797 2694 923 2754 tantum
946 2692 987 2755 ad
1009 2711 1094 2758 arr-2

57 2789 222 2875 plicandos
250 2792 394 2873 sumptus
417 2788 465 2854 rei
492 2787 643 2854 militaris
665 2809 739 2855 eum
766 2787 933 2872 pecuniam
955 2809 1058 2854 neces-

56 2888 175 2952 sariam
193 2907 263 2952 esse
284 2886 445 2971 iudicaret,
468 2885 640 2951 sedetiam
659 2889 753 2970 turpe
776 2884 896 2969 populo
913 2884 1058 2950 Romano

56 2988 91 3049 et
120 2982 154 3048 C.
181 2982 306 3048 Caesari
337 2984 454 3049 victori
485 2983 611 3068 sibique
643 2982 763 3048 infame
794 3004 863 3048 esse
895 2984 1059 3067 statueret,

57 3100 157 3165 regua
174 3080 331 3145 sociorum
350 3085 445 3164 atque
464 3080 639 3144 amicorum
662 3080 702 3145 ab
721 3083 853 3145 externo
876 3100 950 3165 rega
969 3100 1058 3144 occu-

57 3177 137 3262 pari,
158 3177 289 3242 nuntios
311 3177 476 3243 confestim
499 3177 540 3241 ad
561 3175 759 3242 Pharnacem
780 3176 879 3262 misit,
902 3175 1058 3242 Armenia

58 3272 320 3358 Cappadociaque
339 3275 504 3340 decederet
526 3296 605 3340 neve
629 3275 836 3359 occupatione
858 3273 936 3339 belii
954 3273 1057 3339 civilis

56 3368 169 3455 populi
197 3369 337 3436 Romani
363 3373 415 3437 ius
446 3372 709 3457 maiestatemque
741 3375 921 3456 temptaret.
965 3369 1092 3437 Hence

55 3467 330 3533 denuntiationem
349 3490 418 3536 cum
436 3470 590 3534 maiorem
608 3468 675 3533 vim
696 3466 879 3534 babituram
897 3467 1057 3534 existima·

54 3569 117 3651 rat,
146 3565 174 3630 si
196 3565 329 3650 propius
351 3587 402 3632 aas
423 3567 569 3652 regiones
593 3588 666 3631 cum
691 3565 833 3632 exercitu
864 3565 1057 3649 accessisset,
