2414 3968
113 173 155 237 76
447 169 595 225 BELLUM
613 167 782 223 nsulsum

112 317 208 382 nibus
230 315 455 400 equitibusque
477 314 611 379 frenatis
633 329 732 397 neoc,
756 310 909 378 Numidis
931 311 1003 376 sine
1024 311 1125 376 iream

113 413 337 497 peditibusque
354 412 434 477 levis
454 415 633 476 armaturae
651 409 764 495 grandi
782 429 925 492 numero,
944 407 1123 492 elephantis

113 527 187 574 xxx
216 530 364 595 egressus
396 531 413 574 e
445 529 544 593 regno
577 508 617 571 ad
649 505 831 591 Scipionem
867 509 918 570 est
950 504 1124 589 profectus.

78 606 289 691 aPostquam
321 607 361 671 ad
394 627 467 671 eum
498 605 659 690 pervenit,
694 602 808 667 caetris
843 601 942 687 regiis
979 621 1124 666 seorsum

113 703 228 788 positis
251 725 324 767 oum
352 701 398 767 eis
426 702 540 786 copiis,
570 723 649 786 quas
677 697 938 792 commemoravi,
964 698 1055 763 haud
1081 698 1125 762 ita

79 817 95 866 a
114 800 210 885 longe
228 800 267 864 ab
288 798 437 883 Scipione
456 799 607 863 consedit.
625 835 669 846 -
686 797 768 861 Erat
790 796 824 860 in
847 794 961 860 castris
980 793 1126 860 Caesaris

115 897 278 981 superiore
313 900 458 979 tempore
491 916 630 980 magnus
665 899 783 977 terror,
819 895 852 957 et
886 892 1126 977 exspectatione

114 995 279 1078 copiarum
306 992 467 1076 regiarum
496 992 654 1056 exercitus
686 991 754 1055 eius
785 989 889 1074 magis
922 989 1126 1073 suspensiore

116 1091 222 1154 animo
245 1093 319 1154 ante
343 1088 515 1153 adventum
535 1086 634 1153 Iubae
657 1086 930 1171 commovebatur3
951 1089 1125 1170 postquam

115 1209 191 1252 vero
215 1189 319 1251 eastra
341 1187 454 1251 castris
478 1185 627 1270 contulit,
655 1183 811 1269 despectis
839 1183 907 1248 eius
934 1184 1039 1267 copiis
1062 1204 1125 1248 om·

116 1306 190 1349 nem
203 1283 353 1349 timorem
373 1283 512 1368 deponit.
545 1280 598 1347 Ita
616 1302 711 1366 quam
730 1283 824 1345 antea
841 1280 955 1344 absens
968 1278 1127 1345 habuerat

81 1399 99 1446 4
118 1381 353 1465 auctoritatem,
376 1403 447 1445 eam
470 1401 597 1445 omnem
619 1400 769 1462 praesens
791 1377 964 1441 dimiserat.
986 1413 1034 1423 —
1057 1375 1126 1454 Quo

116 1478 202 1542 facto
239 1478 340 1542 cuivis
375 1477 469 1542 facile
504 1476 568 1540 fuit
603 1474 768 1540 intellectu
806 1472 948 1558 Scipioni
981 1473 1127 1539 additum

83 1591 99 1639 5
118 1575 260 1639 animum
283 1574 496 1658 fiduciamque
518 1573 604 1656 regis
628 1570 774 1636 adventu.
813 1571 899 1638 Nam
920 1575 1054 1656 postero
1077 1572 1130 1636 die

65 1709 68 1714 ·
117 1672 282 1735 universas
305 1690 379 1733 suas
401 1669 551 1753 regisque
574 1669 681 1752 copias
702 1691 775 1734 eum
793 1668 971 1753 elephantis
990 1686 1040 1733 Lx
1056 1691 1129 1754 pro·

119 1766 230 1830 ductas
253 1766 286 1829 in
309 1765 423 1848 aciem,
450 1786 547 1849 quam
569 1766 801 1848 speciosissime
827 1766 947 1851 potuit,
972 1766 1130 1830 instruxit

73 1899 76 1904 ·
119 1885 156 1927 ac
177 1861 273 1947 paulo
291 1861 420 1946 longius
438 1881 626 1945 progressus
645 1862 684 1926 ab
703 1863 771 1927 suis
788 1863 1023 1927 munitionibus
1042 1863 1130 1928 haud

119 1960 165 2023 ita
188 1958 243 2022 diu
266 1961 481 2022 commoratus
504 1979 538 2022 se
560 1959 681 2042 recepit
702 1959 737 2023 in
760 1964 870 2024 castra

84 2074 99 2123 1
184 2051 414 2119 XXXXVIIII.
464 2053 580 2119 Caesar
605 2059 777 2139 postquam
804 2056 1031 2121 animadvertit
1064 2055 1149 2122 Sci·⁴

118 2152 208 2237 pioni
230 2150 350 2215 auxilia
371 2152 447 2236 fere,
470 2173 550 2235 quae
569 2155 792 2237 exspectasset,
816 2153 924 2218 omnia
941 2154 1132 2218 convenisse

119 2272 222 2334 neque
236 2270 360 2313 moram
373 2249 538 2333 pugnandi
555 2249 656 2313 ullam
673 2250 751 2335 fore,
768 2272 826 2334 per
838 2251 951 2334 iugum
965 2271 1132 2314 summum

120 2368 192 2411 cum
216 2345 316 2430 copiis
339 2345 490 2430 progredi
513 2347 619 2431 coepit
642 2350 674 2411 et
695 2346 826 2410 brachia
847 2345 995 2430 protinus
1014 2345 1134 2411 ducere

120 2447 153 2509 et
175 2442 306 2507 castella
327 2443 453 2508 munire
471 2444 667 2528 propiusque
686 2442 869 2528 Scipionem
887 2442 1040 2527 capiendo
1059 2443 1134 2508 loca

120 2539 244 2605 excelsa
267 2560 421 2623 occupare
445 2541 622 2624 contendit,
648 2560 687 2605 ne
714 2540 886 2605 adversarii
907 2540 1133 2625 magnitudine

120 2637 284 2721 copiarum
312 2637 425 2701 confisi
451 2637 635 2721 proximum
667 2635 781 2701 collem
813 2639 1004 2721 occuparent
1033 2640 1134 2722 atque

120 2734 167 2798 ita
201 2732 331 2817 longius
368 2733 430 2797 sibi
470 2732 695 2817 progrediendi
736 2735 895 2819 eriperent
933 2733 1133 2800 facultatem.

86 2829 273 2895 2Eiusdem
297 2829 388 2894 collis
414 2831 590 2914 occupandi
617 2829 749 2915 [gratia]
772 2830 932 2895 Labienus
959 2831 1134 2897 consilium

122 2929 248 3009 ceperat
275 2929 320 3011 et,
348 2948 411 3010 quo
438 2927 588 3011 propiore
614 2927 685 2992 loeo
712 2928 829 3012 fuerat,
858 2950 894 2993 eo
922 2927 1058 2993 celerius
1082 2952 1134 2995 oc·

122 3025 271 3087 currerat.

85 3135 101 3184 1
140 3161 142 3167 ι
187 3118 222 3183 L.
258 3118 340 3182 Erat
358 3121 511 3186 convallis
530 3121 608 3185 satis
626 3142 744 3206 magna
760 3121 940 3207 latitudine,
960 3123 1135 3191 altitudine

85 3234 87 3239 ·
120 3218 305 3300 praerupta,
331 3216 450 3280 crebris
472 3216 552 3281 locis
575 3218 744 3302 speluncae
767 3219 801 3282 in
823 3219 955 3284 modum
978 3221 1136 3307 subrutis,

54 3341 59 3353 ·
123 3333 203 3396 quae
230 3314 299 3375 erat
325 3313 586 3396 transgredienda
614 3313 756 3399 Caesari,
776 3320 958 3400 antequam
990 3317 1031 3381 ad
1058 3341 1135 3384 eum

122 3408 250 3492 coliem,
282 3428 377 3492 quem
410 3430 520 3493 capere
547 3409 688 3495 volebat,
719 3413 950 3498 perveniretur3
982 3414 1135 3500 ultraque

122 3527 192 3568 eam
216 3504 392 3570 convallem
416 3505 569 3571 olivetum
595 3513 687 3573 vetus
716 3509 836 3573 crebris
864 3510 1031 3575 arboribus
1060 3533 1135 3577 con-
