2414 3968
282 957 480 1036 BELLUM
506 956 841 1030 fflspauluusu.

61 1306 62 1310 Ἰ
121 1221 146 1287 Ι.
191 1222 354 1287 Pharnace
383 1224 546 1306 superato,
568 1218 680 1285 Africa
707 1225 847 1306 recepta,
875 1222 931 1306 qui
954 1244 993 1286 ex
1015 1220 1101 1285 hisi

55 1321 187 1405 proeliis
220 1343 293 1386 cum
328 1319 529 1385 adulescente
562 1315 617 1382 Cn.
649 1316 804 1403 Pompeio
839 1319 1068 1404 profugissent,

55 1439 128 1483 cum
150 1469 245 1481 .....
268 1422 300 1482 et
327 1416 490 1482 ulterioris
516 1413 692 1499 Hispaniae
719 1416 843 1500 potitus
867 1420 964 1500 esset,
991 1415 1067 1481 dum

55 1513 172 1583 Caesar
198 1515 385 1580 muneribus
413 1513 526 1578 dandis
553 1512 587 1576 in
614 1510 709 1577 Italia
732 1514 902 1599 detinetur,
927 1565 1068 1578 .......

56 1635 120 1698 quo
143 1613 271 1678 facilius
294 1612 453 1698 praesidia
476 1616 587 1677 contra
610 1616 818 1698 compararet,
838 1612 1010 1697 Pompeius
1033 1613 1067 1676 in

53 1712 151 1776 fidem
188 1712 440 1794 uniuscuiusque
472 1710 613 1775 civitatis
644 1710 817 1796 confugere
849 1711 963 1795 coepit.
1018 1708 1103 1774 Itar

54 1809 175 1893 partim
194 1809 343 1893 precibus
361 1808 480 1893 partim
498 1808 531 1872 vi
548 1808 629 1873 bene
644 1829 761 1893 magna
774 1812 958 1892 comparata
971 1829 1068 1872 manu

53 1906 253 1990 provinciam
280 1909 415 1970 vastare.
461 1903 585 1982 Quibus
612 1906 646 1970 in
673 1906 769 1971 rebus
796 1906 970 1971 nonnullae
993 1906 1102 1971 civi-3

54 2006 140 2067 tates
178 2024 236 2067 sua
271 2007 385 2086 sponte
417 2002 537 2067 auxilia
567 2003 752 2088 mittebant,
784 2004 863 2069 item
894 2003 1068 2069 nonnullae

53 2104 166 2185 portas
190 2103 302 2165 contra
325 2100 503 2165 eludebant.
541 2099 594 2164 Ex
617 2100 734 2184 quibus
758 2101 785 2165 si
809 2122 872 2185 qua
895 2101 1012 2185 oppida
1035 2100 1103 2165 vir

54 2201 191 2282 ceperat,
210 2220 284 2262 cum
303 2197 420 2282 aliquis
439 2219 478 2261 ex
497 2220 534 2262 ea
552 2197 682 2262 civitate
701 2198 821 2281 optime
841 2198 878 2262 de
901 2195 956 2261 Cn.
974 2189 1067 2261 Pom·

52 2296 127 2381 peio
154 2295 290 2360 meritus
318 2295 397 2360 civis
421 2299 517 2382 esset,
544 2299 677 2378 propter
698 2295 851 2378 pecuniae
874 2293 1067 2379 magnitudi-

52 2416 127 2459 nem
147 2393 209 2458 alia
228 2415 291 2478 qua
310 2395 340 2459 ei
358 2392 555 2458 inferebatur
573 2415 677 2476 eausa,
700 2396 737 2456 ut
756 2415 792 2457 eo
812 2393 850 2457 de
869 2392 974 2457 medio
994 2392 1067 2456 sub·

52 2491 121 2557 lato
145 2514 184 2556 ex
203 2493 273 2556 eius
291 2491 427 2576 pecunia
444 2490 607 2555 latronum
625 2490 755 2575 largitio
774 2491 873 2555 fieret.
909 2488 964 2554 Ita
978 2489 1067 2574 pacis
1085 2515 1087 2519 ¹

52 2589 223 2654 commoda
248 2589 343 2655 hoste
365 2589 389 2672 Τ
410 2587 541 2653 hortato
564 2589 703 2653 maiores
726 2589 926 2673 augebantur
949 2587 1067 2672 copiae.

51 2686 124 2753 Hoc
147 2687 267 2753 crebris
290 2687 414 2752 nuntiis
437 2686 471 2750 in
491 2684 619 2752 Italiam
642 2686 750 2751 missis
774 2687 920 2750 civitates
943 2689 1102 2752 contra-5

52 2785 120 2849 riae
142 2784 297 2869 Pompeio
324 2785 507 2850 iudicabunt
527 2789 558 2849 et
582 2783 703 2847 auxilia
726 2783 788 2848 sibi
811 2783 1065 2868 depostulabant.
1182 2785 1184 2789 ’

121 2880 163 2946 Π.
204 2882 236 2946 C.
266 2881 381 2948 Caesar
414 2882 552 2946 dictator
579 2881 685 2965 terti0,
713 2879 899 2966 designatus
928 2880 1100 2947 dictator-1

61 2983 176 3063 quarto
210 2980 323 3045 multis
346 2981 482 3046 iterante
496 2980 519 3063 †
534 2978 646 3043 diebus
679 2978 831 3044 coniectis
864 3001 936 3044 cum
968 2977 1065 3043 celeri

54 3076 260 3141 festinatione
284 3078 324 3142 ad
342 3078 463 3142 bellum
481 3075 713 3142 conficiendum
732 3076 766 3141 in
784 3076 974 3162 Hispaniam
993 3090 1066 3142 c'um

53 3173 210 3258 venisset,
234 3172 396 3260 legatique
420 3173 687 3257 Cordubensium,
711 3174 768 3258 qui
791 3196 809 3239 a
833 3173 888 3239 Cn.
910 3173 1068 3258 Pompeio.

55 3271 286 3356 discessissent,
307 3272 435 3338 Caesari
458 3273 586 3337 obviam
609 3271 781 3357 venissent,
805 3295 824 3337 a
846 3273 963 3358 quibus
987 3294 1066 3337 nun-

53 3369 197 3434 tiabatur
228 3374 385 3436 nocturno
417 3375 560 3456 tempore
595 3369 749 3454 oppidum
782 3369 962 3436 Cordubam
996 3370 1066 3454 capi

54 3489 159 3552 posse,
183 3467 270 3551 quod
291 3469 556 3554 necopinantibus
580 3467 769 3534 adversariis
793 3473 862 3538 eius
884 3468 1067 3591 provinciae

870 3565 886 3614 ⁸
1101 3584 1136 3655 u
