2414 3968
115 178 159 245 26
384 178 532 234 BELLUM
551 178 856 235 ALEXANDRINUM.

79 340 98 388 4
116 324 235 391 struxit
257 345 316 391 suo
334 346 423 390 more
437 328 533 409 atque
556 324 713 389 instituto.
759 322 798 388 In
819 324 926 389 fronte
944 324 1034 388 enim
1052 323 1124 389 sim·

115 421 192 505 plici
215 421 342 488 derecta
368 422 435 487 acie
458 443 578 486 cornua
604 421 699 486 trinis
721 420 934 486 firmabantur
956 419 1126 506 subsidiis3

116 519 225 585 eadem
252 521 376 585 ratione
404 518 483 584 baec
509 519 614 583 media
642 518 881 584 collocabantur
908 518 976 582 acie
998 517 1126 585 duobus

116 615 227 681 dextra
251 617 444 700 sinistraque
467 616 645 680 intervallis
667 616 868 701 simplicibus
890 615 1062 681 ordinibus
1080 616 1120 681 iu·

78 714 255 781 sstructis.
299 713 440 778 Perfecit
466 712 629 795 inceptum
654 718 832 778 castrorum
854 733 936 797 opus
958 709 1125 777 Domitius

115 814 205 894 parte
230 811 396 894 copiarum
417 830 477 893 pro
499 808 585 874 vallo
608 811 791 875 constituta
932 872 934 877 ,

79 920 95 971 1
181 905 365 973 XXXVlII.
388 905 540 970 Proxima
561 910 655 971 nocte
672 905 853 971 Pharnaces
871 906 1063 991 interceptis
1080 910 1124 970 ta

116 1004 272 1089 bellariis,
295 1004 352 1087 qui
375 1004 413 1068 de
435 1001 661 1068 Alexandrinis
683 1002 779 1069 rebus
801 1003 927 1068 litteras
950 1003 992 1068 ad
1013 1002 1124 1069 Domi-

115 1102 199 1166 tium
221 1101 380 1185 ferebant,
403 1101 568 1185 cognoscit
591 1098 757 1165 Caesarem
782 1120 899 1186 magno
922 1101 957 1164 in
979 1099 1124 1184 periculo

115 1196 237 1260 versari
258 1196 461 1282 flagitarique
480 1197 519 1261 ab
537 1196 692 1281 Domitio,
714 1201 866 1281 utquam
887 1196 1031 1280 primum
1051 1195 1123 1261 (lac

116 1295 181 1360 sari
213 1296 355 1361 subsidia
385 1297 529 1361 mitteret
563 1295 760 1380 propiusque
792 1293 861 1378 ipse
892 1291 1123 1358 Alexandriam

79 1405 174 1475 aper
197 1390 322 1477 Syriam
346 1394 517 1460 accederet.
561 1391 632 1468 Qua
654 1392 784 1477 cognita
805 1411 841 1456 re
860 1389 1044 1455 Pharnaces
1062 1391 1124 1456 ric

115 1490 216 1555 toriae
242 1490 314 1556 loco
343 1491 491 1574 ducebat,
522 1489 550 1554 si
581 1487 707 1554 trahere
735 1492 863 1571 tempus
893 1491 1018 1572 posset,
1051 1509 1123 1553 curn

78 1599 96 1646 3
116 1586 341 1652 discedendum
359 1587 504 1652 Domitio
523 1587 669 1652 celeriter
690 1589 826 1671 putaret.
871 1583 986 1668 Itaque
1009 1585 1052 1651 ab
1071 1606 1123 1671 op

115 1681 201 1766 pido,
225 1705 288 1766 qua
309 1683 500 1749 facillimum
522 1706 683 1749 accessum
706 1687 739 1748 et
762 1683 991 1767 aequissimum
1014 1683 1057 1748 ad
1079 1683 1122 1748 di·

115 1778 298 1843 micandum
321 1780 420 1845 bocum
441 1781 561 1846 nostris
581 1781 724 1865 videbat,
749 1781 852 1845 fossas
876 1778 955 1843 duas
977 1779 1122 1846 derectas

115 1876 247 1940 nonita
262 1897 380 1962 magno
402 1877 508 1941 medio
530 1877 698 1942 intervallo
719 1877 831 1942 relicto
851 1895 889 1940 1v
910 1876 1030 1960 pedum
1054 1877 1123 1944 alti·

116 1972 238 2037 tudinis
257 1972 291 2037 in
309 1995 383 2037 eum
399 1973 507 2038 locum
523 1973 663 2058 deduxit,
682 1996 745 2059 quo
763 1974 892 2059 longius
911 1974 1124 2040 constitueret

79 2082 209 2134 4suam
235 2093 300 2135 non
327 2071 501 2153 producere
528 2070 636 2136 aciem.
686 2070 775 2136 Inter
803 2071 862 2135 has
889 2071 993 2136 fossas
1022 2073 1123 2138 aciem

117 2189 243 2252 semper
268 2168 462 2253 instruebat,
489 2169 668 2253 equitatum
696 2173 803 2233 autem
826 2190 953 2233 omnem
977 2168 1018 2233 ab
1045 2168 1123 2236 late

116 2265 206 2330 ribus
229 2268 321 2329 extra
345 2264 465 2330 fossam
488 2264 678 2351 collocabat3
706 2266 762 2351 qui
788 2287 891 2350 neque
915 2265 1009 2330 aliter
1030 2267 1123 2332 utilia

116 2384 185 2428 esse
207 2365 334 2447 poterat
352 2366 385 2426 et
402 2362 540 2427 multum
558 2384 691 2427 numero
710 2362 851 2427 anteibat
869 2365 1016 2426 nostrum
1035 2364 1124 2448 equi·

115 2464 227 2525 tatum.
1087 2491 1089 2496 ·

80 2568 96 2616 1
181 2554 381 2622 XXXVIHJ.
421 2555 586 2622 Domitius
609 2560 732 2640 autem,
755 2578 828 2620 oum
851 2554 995 2621 Caesaris
1017 2559 1124 2644 magis

115 2653 257 2738 periculo
281 2675 378 2738 quam
406 2674 464 2717 suo
488 2658 754 2737 commoreretur,
781 2675 884 2738 neque
907 2675 941 2719 se
963 2658 1038 2720 tuto
1060 2656 1125 2722 dia

117 2772 281 2815 cessurum
308 2749 531 2835 arbitraretur,
561 2750 589 2814 si
611 2750 826 2834 condiciones,
853 2771 933 2835 quas
960 2751 1126 2837 reiecerat,

116 2869 227 2911 rursus
250 2847 413 2930 adpeteret
436 2851 493 2912 aut
514 2847 583 2911 sine
608 2869 703 2912 causa
725 2847 909 2932 discederet,
931 2868 972 2911 ex
992 2849 1125 2934 propin·

80 2944 190 3027 aquis
213 2945 328 3008 castris
349 2945 384 3008 in
406 2944 507 3009 aciem
529 2945 705 3009 exercitum
733 2943 856 3029 eduxit3
887 2959 998 3008 xxxvl
1024 2944 1126 3031 legio

116 3062 191 3104 nem
213 3040 248 3103 in
271 3039 382 3105 dextro
406 3062 505 3106 cornu
527 3040 708 3125 collocarit,
730 3039 899 3105 Ponticam
921 3041 958 3106 in
980 3040 1127 3128 sinistro,

115 3135 262 3201 Deiotari
292 3135 436 3220 legiones
467 3139 501 3203 in
524 3138 666 3202 <mediam
693 3137 795 3201 aciem
821 3136 973 3221 contulit,
1004 3138 1128 3222 quibus

116 3237 224 3298 tamen
242 3235 507 3318 angustissimum
529 3234 734 3300 intervallum
756 3234 874 3300 frontis
895 3233 1030 3319 reliquit
1051 3235 1128 3301 reli·

117 3330 190 3412 quis
212 3329 399 3396 cohortibus
426 3333 461 3397 in
488 3332 641 3398 subsidiis
664 3331 837 3397 collocatis.
884 3330 938 3397 Sic
960 3333 1129 3418 utrimque

117 3427 184 3492 acie
205 3428 364 3492 instructa
384 3450 570 3513 processum
593 3434 642 3495 est
665 3429 705 3493 ad
728 3429 952 3495 dimicandum.

87 3538 137 3688 k
182 3521 315 3589 XXXX
352 3522 451 3611 Signo
474 3527 534 3592 sub
562 3527 647 3592 idem
673 3531 802 3612 tempus,
824 3527 865 3592 ab
888 3531 1026 3614 utroque
1049 3527 1129 3596 dato
