2414 3968
347 213 423 268 OAP.
442 214 785 271 LXXXXI—LXXXXVI.
1009 217 1072 281 103

61 381 131 424 esse
156 358 286 442 deletas,
309 357 423 424 Uticae
447 357 614 424 Caesarem
637 360 706 425 sine
729 383 820 425 mora
842 365 1014 445 receptum,
1037 361 1076 425 de

62 458 153 541 tanto
177 457 319 521 exercitu
342 456 494 540 reliquias
518 479 587 522 esse
612 457 730 542 nullas,
758 459 827 542 ipse
855 459 919 523 sibi
945 459 1075 542 suisque

61 552 172 616 liberis
196 575 215 615 a
238 551 373 616 Caninio
395 553 600 638 proconsule,
629 555 781 638 quicum
806 555 986 640 obsidebat,
1012 554 1075 620 fide

62 652 193 810 accqpta
220 670 317 732 seque
348 652 381 713 et
412 671 471 713 sua
502 650 610 714 omnia
642 654 674 716 et
706 652 860 736 oppidum
891 651 1076 738 proconsuli

61 751 113 810 tra
137 747 170 810 't.

128 842 354 908 LXXXXIIII.
399 843 470 908 Rex
492 842 623 909 interim
647 847 687 911 ab
713 848 862 913 omnibus
890 847 1108 932 civitatibusr
1186 895 1190 903 .

61 941 210 1007 exclusus
233 941 400 1025 desperata
418 940 522 1005 salute
545 963 618 1006 cum
641 944 705 1008 iam
729 949 880 1009 coenatus
899 948 984 1009 essct
1001 966 1074 1008 cum

61 1039 198 1123 Petreio,
220 1042 258 1102 ut
281 1060 354 1103 cum
371 1039 492 1103 virtute
511 1039 672 1104 interfecti
691 1063 759 1106 esse
776 1041 971 1125 viderentur,
988 1041 1073 1104 ferro

63 1136 147 1201 inter
169 1158 203 1201 se
227 1135 422 1220 depugnant,
445 1137 542 1218 atque
559 1135 683 1200 firmior
701 1137 942 1204 imbecilliorem
960 1136 1073 1202 Iubam
1106 1209 1107 1213 Ἰ

61 1233 207 1299 Petreius
239 1232 332 1298 facile
365 1233 451 1296 ferro
487 1234 694 1317 consumpsit.
748 1235 871 1301 Deinde
906 1237 975 1320 ipse
1010 1234 1108 1299 sibi2

61 1354 134 1396 cum
152 1328 326 1396 'conaretur
348 1329 456 1414 gladio
479 1328 613 1394 traicere
635 1334 748 1414 pectus
771 1354 829 1397 nec
855 1336 977 1416 posset,
1003 1354 1072 1415 pre

61 1429 151 1494 cibus
175 1450 194 1491 a
216 1448 308 1493 servo
332 1448 390 1490 suo
414 1426 608 1510 impetravit,
631 1429 668 1490 ut
690 1449 725 1491 se
747 1427 954 1511 interficeret,
977 1427 1072 1511 idque

59 1525 208 1590 obtinuit.

126 1619 316 1686 LXXXXV.
362 1619 398 1684 P.
422 1618 539 1684 Sittius
567 1620 698 1684 interim
725 1621 818 1706 pulso
849 1622 990 1689 exercitu
1018 1620 1105 1685 Sar

59 1721 189 1802 burrae,
220 1717 374 1801 praefecti
401 1715 514 1800 Iubae,
545 1717 679 1802 ipsoque
708 1718 877 1784 interfecto
907 1740 980 1784 cum
1011 1719 1073 1782 iter

60 1839 134 1882 cum
160 1815 270 1899 paucis
298 1815 370 1899 [per
396 1812 646 1900 Mauretaniam]
679 1816 720 1880 ad
748 1815 914 1883 Gaesarem
945 1818 1073 1899 faceret,

58 1916 143 1979 forte
161 1912 274 1975 incidit
292 1911 327 1974 in
344 1910 500 1975 Faustum
516 1909 761 1997 Afraniumque,
779 1915 836 1998 qui
853 1937 924 1978 eam
941 1935 1072 1978 manum

59 2010 234 2091 habebant,
262 2029 325 2092 qua
350 2006 480 2072 Uticam
508 2007 720 2094 diripuerant,
747 2011 872 2095 iterque
899 2012 934 2074 in
957 2009 1072 2094 Hispa

59 2107 147 2172 niam
170 2102 378 2169 intendebant
401 2107 434 2166 ct
457 2107 548 2168 erant
569 2126 702 2170 numero
726 2107 855 2172 circiter
876 2107 973 2172 mille.
1009 2105 1071 2171 Ita·
1090 2124 1106 2171 2

60 2225 123 2288 que
147 2200 292 2266 celeriter
313 2203 471 2264 nocturno
499 2204 642 2284 tempore
669 2203 795 2268 insidiis
824 2205 989 2289 dispositis
1017 2226 1071 2269 eos

59 2301 165 2386 prima
195 2299 266 2363 luce
298 2296 429 2361 adortus
461 2302 588 2382 praeter
619 2320 738 2382 paucos
771 2303 908 2386 equites,
944 2302 1000 2386 qui
1031 2324 1072 2366 ex

58 2399 164 2482 primo
188 2395 315 2480 agmine
337 2395 500 2479 fugerant,
529 2394 670 2479 reliquos
698 2398 754 2459 aut
776 2396 937 2463 interfecit
960 2397 1071 2461 autin

59 2495 256 2560 deditionem
274 2492 405 2576 accepit,
427 2489 599 2556 Afranium
617 2496 650 2557 et
666 2491 824 2557 Faustum
843 2514 916 2557 oum
936 2494 1071 2578 coniuge

57 2597 92 2657 et
113 2591 225 2657 liberis
247 2590 338 2654 vivos
362 2589 456 2673 capit.
500 2588 617 2653 Paucis
640 2591 720 2677 post
739 2582 1071 2655 diebusdissensione
1089 2607 1106 2654 3

57 2692 92 2755 in
124 2688 267 2755 exercitu
300 2689 372 2751 orta
401 2685 541 2751 Faustus
574 2690 607 2752 et
635 2684 789 2751 Afranius
821 2687 1071 2774 interficiuntur3

57 2788 230 2873 Pompeiae
266 2807 338 2850 cum
370 2783 483 2849 Fausti
517 2783 629 2848 liberis
666 2781 782 2848 Caesar
817 2782 1071 2849 incolumitatem

58 2906 179 2968 suaque
203 2883 310 2946 omnia
332 2882 497 2946 concessit.

125 2976 331 3045 LXXXXVl
387 2976 494 3063 Scipio
531 2977 661 3042 interim
698 2998 771 3042 cum
804 2975 1001 3062 Damasippo
1037 2983 1103 3044 etr

59 3076 222 3159 Torquato
256 3078 289 3140 et
319 3073 481 3140 Plaetorio
514 3073 673 3164 Rustiano
710 3074 845 3139 navibus
876 3073 982 3160 longis
1015 3076 1070 3142 diu

59 3171 261 3256 multumque
286 3173 397 3237 iactati
425 3194 498 3237 cum
524 3170 715 3256 Hispaniam
742 3175 902 3256 peterent,
929 3173 970 3237 ad
990 3172 1069 3258 Hip-

57 3290 175 3354 ponem
193 3268 317 3352 regium
336 3269 531 3353 deferuntur,
553 3268 610 3333 ubi
634 3268 744 3334 classis
766 3267 803 3334 P.
823 3267 913 3334 Sittii
936 3270 969 3335 id
991 3274 1068 3335 tem·

58 3367 147 3451 poris
166 3370 241 3431 erat.
277 3364 309 3430 A
326 3388 389 3450 qua
406 3366 557 3451 pauciora
571 3366 611 3430 ab
631 3366 839 3451 amplioribus
854 3367 1070 3432 circumventa
1088 3385 1103 3431 2

58 3463 188 3548 navigia
220 3462 455 3548 deprimuntur,
486 3463 596 3548 ibique
630 3461 737 3548 Scipio
770 3487 843 3529 cum
876 3465 955 3549 illis,
988 3486 1068 3549 quos
1180 3499 1182 3505 ·

57 3559 153 3644 paulo
177 3562 250 3624 ante
273 3559 444 3645 nominavi,
467 3560 597 3626 interiit.
