2414 3968
58 231 61 236 ·
119 220 161 284 86
451 219 599 276 BELLUM
617 218 787 273 cumcun.

117 365 203 448 agris
230 368 263 428 et
289 365 324 428 in
352 365 500 428 omnibus
527 364 594 428 fere
616 362 704 427 villis
727 361 787 425 sub
815 364 903 425 terra
925 383 1046 444 specus
1069 360 1129 425 tru-

115 462 217 525 menti
240 460 395 526 condendi
419 462 523 546 gratia
546 459 628 526 clam
650 459 791 523 babeant
817 459 916 540 atque
938 456 974 521 id
997 462 1130 542 propter

115 558 200 623 bella
226 559 365 623 maxime
391 557 599 642 hostiumque
628 557 772 621 subitum
800 554 977 619 adventum
998 577 1129 640 praepa

81 658 195 720 arent.
240 655 312 733 Qua
343 655 381 720 de
412 677 447 720 re
479 653 594 719 Caesar
625 676 683 738 per
711 652 850 717 indicem
878 652 998 717 certior
1026 653 1129 718 factus

116 754 211 817 tertia
232 753 346 838 vigilia
371 752 515 837 legiones
539 752 618 816 duas
642 772 714 815 cum
742 749 888 833 equitatu
910 750 1018 815 mittit
1042 773 1064 815 a
1086 772 1129 815 ca
1172 744 1174 783 ³

116 851 191 914 stris
215 852 282 914 suis
305 849 395 914 milia
416 870 568 934 passuum
590 866 616 912 x
641 852 737 931 atque
760 847 833 911 inde
851 867 971 932 magno
993 869 1128 912 numero

81 947 269 1011 sfrumenti
293 950 425 1011 onustos
448 947 563 1030 recipit
590 946 624 1010 in
648 949 760 1009 cestra
806 942 930 1020 Quibus
956 944 1060 1010 rebus
1083 966 1129 1010 co

116 1044 216 1129 gnitis
242 1043 402 1107 Labienus
434 1065 624 1129 progressus
652 1065 671 1106 a
698 1041 765 1105 suis
798 1040 912 1105 castris
937 1040 1035 1106 milia
1061 1064 1128 1126 pas-

116 1161 211 1203 suum
228 1157 279 1203 vn
296 1161 353 1223 per
371 1139 484 1225 iugum
503 1144 536 1205 et
553 1141 677 1224 collem,
698 1160 756 1222 per
774 1159 870 1222 quem
888 1135 1007 1203 Caesar
1026 1139 1129 1224 pridie

116 1237 178 1302 iter
206 1238 348 1322 fecerat,
371 1237 417 1302 ibi
445 1241 550 1302 castra
577 1237 711 1301 duarum
737 1234 903 1319 legionum
927 1234 1009 1300 facit
1034 1242 1129 1322 atque

115 1334 184 1418 ipse
207 1335 323 1400 cotidie
347 1335 535 1399 existimans
559 1333 725 1398 Gaesarem
744 1331 854 1396 eadem
872 1353 967 1416 saepe
988 1333 1128 1400 frumen·

115 1433 205 1497 tandi
227 1435 332 1519 gratia
355 1437 607 1498 commeaturum
643 1449 716 1493 cum
739 1446 858 1511 magno
881 1428 1032 1511 equitatu
1055 1429 1129 1496 levi·

117 1551 178 1613 que
202 1533 363 1593 armatura
385 1529 595 1593 insidiaturus
618 1525 698 1591 loeis
720 1524 844 1588 idoneis
867 1524 1017 1590 considit.

82 1641 96 1688 1
182 1624 296 1690 LXVI.
339 1623 455 1689 Caesar
480 1625 610 1690 interim
633 1624 671 1689 de
694 1626 819 1690 insidiis
837 1625 973 1692 Labieni
996 1651 1038 1694 ex
1062 1653 1129 1714 per·

116 1721 202 1805 fugis
226 1722 343 1785 certior
364 1722 469 1785 factus
491 1743 609 1805 paucos
633 1721 699 1788 dies
722 1723 769 1787 ibi
792 1728 1025 1810 commoratus,
1053 1728 1129 1792 dum

114 1816 225 1881 hostes
252 1839 290 1882 ec
318 1818 477 1882 cotidiano
506 1819 656 1883 instituto
684 1843 778 1904 saepe
805 1820 891 1883 idem
918 1821 1068 1889 faciendo
1096 1827 1129 1890 in

116 1915 352 1999 neglegentiam
371 1914 614 1998 adducerentur,
637 1917 744 1981 subito
762 1939 857 1982 mane
875 1917 1017 2003 imperat
1033 1926 1130 2005 porta

118 2012 290 2075 decumana
315 2012 457 2096 legiones
481 2034 515 2076 se
536 2029 576 2075 111
597 2017 767 2076 veteranas
791 2034 864 2077 cum
888 2018 982 2098 parte
1005 2019 1129 2101 equita

116 2111 168 2170 tus
192 2108 282 2191 sequi
307 2111 402 2192 atque
429 2109 591 2192 equitibus
617 2109 807 2193 praemissis
830 2131 934 2193 neque
956 2112 1129 2195 opinantes

116 2204 319 2269 insidiatores
338 2205 445 2269 subito
466 2207 593 2270 udatus
615 2206 649 2269 in
668 2193 867 2270 convallibus
889 2206 1029 2272 latentes
1046 2208 1129 2275 levis

115 2306 295 2367 armaturae
322 2302 461 2367 concidit
484 2303 612 2367 circiter
634 2321 673 2387 1),
700 2301 842 2386 reliquos
867 2303 902 2367 in
924 2304 1038 2389 fugam
1063 2312 1129 2372 tur·

80 2400 281 2483 apissimam
313 2399 456 2463 coniecit.
508 2397 642 2463 Interim
674 2399 836 2464 Labienus
869 2421 942 2464 cum
974 2402 1129 2468 universo

79 2497 259 2580 aequitatu
295 2496 494 2580 fugientibus
527 2498 594 2560 suis
627 2497 792 2580 suppetias
825 2497 971 2577 occurrit.
1027 2498 1130 2566 Cuius

113 2594 180 2657 vim
211 2592 428 2657 multitudinis
461 2613 534 2656 oum
566 2594 689 2677 equites
720 2594 815 2678 pauci
846 2592 1031 2660 Caesariani
1062 2597 1130 2662 iam

114 2689 271 2753 sustinere
299 2711 364 2752 non
391 2692 535 2772 possent,
567 2688 682 2754 Caesar
705 2692 878 2756 instructas
901 2691 1049 2776 legiones
1072 2693 1129 2759 ho·

114 2788 212 2850 stium
243 2787 343 2870 copiis
374 2786 544 2851 ostendit.⁸
570 2786 639 2863 Quo
671 2787 756 2852 facto
784 2789 955 2873 perterrito
981 2787 1129 2857 Labieno

78 2898 151 2945 nac
177 2882 337 2947 retardato
366 2905 441 2949 suos
465 2884 589 2968 equites
611 2885 731 2968 recepit
758 2884 943 2950 incolumes.
989 2885 1129 2954 Postero

115 2978 165 3041 die
188 2976 269 3042 Iuba
289 2978 448 3045 Numidas
472 3003 540 3065 eos,
569 2981 624 3064 qui
646 2979 717 3047 loco
742 2982 861 3046 amisso
884 2983 963 3068 fuga
985 3005 1022 3048 se
1041 3006 1130 3051 rece·

114 3080 228 3158 perant
250 3077 284 3138 in
308 3081 421 3161 castra,
442 3079 477 3142 in
501 3100 592 3146 cruce
616 3100 726 3142 omnes
745 3079 877 3143 suffixit.

80 3169 101 3235 1'
179 3170 311 3237 LXVII.
354 3172 468 3240 Caesar
494 3175 624 3239 interim
652 3176 803 3258 quoniam
832 3177 942 3261 inopia
968 3177 1130 3245 frumenti

113 3270 334 3354 premebatur,
366 3273 473 3355 copias
506 3295 616 3337 omnes
648 3273 682 3336 in
714 3277 818 3337 castra
847 3273 998 3339 conducit
1028 3280 1130 3362 atque

112 3365 271 3448 praesidio
289 3365 393 3450 Lepti,
411 3367 587 3454 Ruspinae,
606 3367 738 3451 Acyllae
756 3370 878 3454 relicto,
897 3370 1006 3455 Cispio
1025 3371 1130 3458 Aqui·
1158 3452 1160 3457 Ι

111 3460 225 3546 laeque
249 3460 349 3526 classe
367 3464 498 3549 tradita,
523 3470 561 3530 ut
579 3463 660 3528 alter
677 3464 921 3552 Hadrumetum,
944 3467 1026 3534 alter
1045 3469 1131 3536 'Ibe-

113 3579 208 3641 psum
223 3558 305 3622 mari
319 3558 510 3645 obsiderent,
528 3562 598 3645 ipsc
612 3562 725 3626 eastris
739 3563 877 3629 incensis
892 3569 1008 3649 quarta
1020 3568 1131 3634 noctis
