2414 3968
419 215 495 270 CAP.
514 215 710 270 xx-xxrm.
1026 216 1066 279 61

57 364 124 425 tate
147 364 180 424 et
201 382 259 443 per
281 364 314 425 te
337 360 406 444 ipse
425 361 504 425 satis
528 359 628 424 animi
649 361 870 445 magnitudine
889 360 1067 445 diligentia

57 479 120 542 que
142 458 306 541 praeditus
329 479 435 522 nonne
458 456 589 521 eniteris
613 461 645 522 et
667 457 879 541 proficisceris
894 457 942 548 ¹ad
964 461 1067 540 pater-

56 577 116 620 nas
153 554 316 619 clientelas
354 554 508 619 auxilium
545 553 607 618 tibi
643 555 753 638 reique
789 554 937 639 publicae
971 557 1067 637 atque

57 651 181 736 optimo
205 651 319 734 cuique
342 650 597 734 efflagitatum?

124 745 244 812 XXIH.
273 745 334 811 His
348 747 455 812 verbis
473 746 614 812 hominis
629 746 811 832 gravissimi
825 747 978 812 incitatus
993 746 1066 810 adu·
1087 763 1101 811 1

57 843 253 910 lescentulus
280 865 352 908 cum
379 843 536 909 naviculis
565 844 806 929 cuiusquemodi
834 845 959 930 generis
985 861 1067 927 xxx,

57 941 141 1007 inibi
163 941 273 1025 paucis
295 941 458 1026 rostratis,
485 941 648 1025 profectus
671 941 711 1004 ab
734 939 831 1006 Utica
853 942 888 1006 in
910 941 1067 1006 Maureta·

55 1040 145 1103 niam
176 1058 375 1122 regnumque
404 1037 548 1122 Bogudis
580 1041 630 1102 est
661 1037 826 1122 ingressus
856 1038 1067 1122 expediteque

57 1136 200 1201 exercitu
222 1157 397 1220 servorum,
419 1135 595 1200 liberorum
613 1152 640 1198 11
661 1135 787 1198 milium
811 1158 954 1219 numem,
977 1135 1067 1199 cuius

56 1237 182 1318 partem
204 1231 373 1314 inermem,
396 1236 521 1315 partem
545 1235 700 1296 armatam
722 1231 893 1317 habuerat,
916 1232 956 1296 ad
979 1231 1068 1314 oppi-

56 1331 135 1394 dum
156 1327 317 1393 Ascurum
341 1328 487 1392 accedere
511 1329 630 1414 ooepit,
659 1329 780 1412 inquo
805 1330 922 1413 oppido
950 1328 1068 1412 praesi-

57 1428 146 1492 dium
172 1426 236 1490 fuit
262 1424 397 1510 regium.
442 1424 597 1509 Pompeio
626 1424 813 1490 adveniente
842 1426 994 1509 oppidani
1016 1441 1102 1488 usa

58 1547 120 1609 que
142 1545 180 1588 eo
202 1522 289 1606 passi
311 1523 445 1606 propius
469 1523 630 1607 accedere,
658 1523 757 1587 donec
781 1522 821 1585 ad
848 1523 935 1606 ipsas
957 1526 1067 1606 portas

57 1645 94 1686 ac
116 1641 245 1685 murum
269 1619 548 1704 adpropinquaret,
572 1620 679 1684 subito
698 1619 866 1703 eruptione
889 1619 975 1683 facta
996 1640 1067 1702 pro

57 1723 177 1784 stratos
203 1717 455 1801 perterritosque
481 1716 695 1800 Pompeianos
725 1717 760 1781 in
788 1739 876 1782 mare
906 1737 1067 1799 navesque

56 1815 178 1900 passim
196 1813 427 1897 compulerunt.
472 1812 524 1878 Ita
546 1835 580 1878 re
603 1813 686 1878 male
709 1817 802 1898 gesta
820 1812 875 1877 On.
893 1812 1067 1895 Pompeius
1085 1827 1102 1875 3

56 1912 144 1976 filius
176 1932 273 1974 naves
307 1909 381 1974 inde
416 1911 533 1974 avertit
564 1932 667 1994 neque
699 1915 812 1993 postea
842 1911 921 1975 litus
951 1909 1068 1994 adtigit

57 2008 256 2089 classemque
280 2006 320 2069 ad
343 2007 465 2070 insulas
487 2007 637 2070 Baleares
659 2029 772 2072 versus
795 2006 961 2071 convertit.

123 2099 260 2165 XXIIH.
291 2099 398 2184 Scipio
422 2102 551 2167 interim
570 2125 642 2167 cum
664 2103 716 2167 his
735 2105 845 2188 copiis,
869 2125 950 2188 quas
968 2102 1064 2186 paulo
1085 2118 1099 2165 1

57 2202 132 2264 ante
155 2198 456 2280 demonstravimus,
483 2197 598 2263 Uticae
626 2201 740 2283 grandi
766 2201 926 2284 praesidio
954 2199 1066 2263 relicto

56 2295 220 2381 profectus
242 2295 383 2378 primum
406 2293 598 2360 Hadrumeti
621 2300 726 2360 castra
749 2298 858 2380 ponit,
886 2296 998 2360 deinde
1021 2296 1068 2359 ibi

56 2413 176 2477 paucos
204 2391 271 2454 dies
300 2394 516 2455 commoratus
539 2395 636 2456 noctu
666 2393 781 2457 itinere
803 2394 889 2457 facto
913 2414 986 2456 cum
1008 2391 1067 2455 La-

56 2490 144 2555 bieni
166 2492 199 2552 et
220 2487 328 2552 Petrei
351 2488 452 2571 copiis
476 2510 510 2553 se
534 2489 714 2574 coniungit,
738 2494 834 2574 atque
857 2489 930 2552 unis
953 2489 1067 2553 castris

57 2587 151 2651 factis
174 2604 213 2649 111
235 2585 325 2649 milia
347 2607 502 2668 passuum
528 2586 624 2671 longe
647 2609 669 2652 a
694 2585 839 2652 Caesaris
862 2586 972 2650 emaus
995 2608 1067 2650 con·

57 2685 174 2749 sidunt.
220 2681 395 2766 Equitatus
419 2683 549 2746 interim
567 2706 678 2749 eorum
697 2685 818 2749 circum
837 2683 981 2748 Caesaris
999 2704 1067 2747 mu·
1085 2697 1101 2745 2

56 2781 196 2844 nitiones
218 2780 329 2863 vagari
353 2783 449 2863 atque
473 2802 540 2863 eos,
569 2780 624 2865 qui
651 2781 826 2864 pabulandi
850 2783 905 2843 aut
928 2779 1066 2863 aquandi

56 2879 161 2964 gratia
179 2882 270 2941 extra
290 2876 411 2941 vallum
434 2878 598 2962 progressi
616 2883 731 2962 essent,
755 2878 914 2961 excipere:
938 2877 984 2940 ita
1002 2898 1067 2941 om·

55 2998 113 3039 nes
145 2974 344 3038 adversarios
376 2975 462 3037 intra
493 2975 688 3039 munitiones
719 2975 890 3040 continere.
938 2973 1008 3050 Qua
1032 2989 1102 3038 res

56 3071 238 3136 Caesariani
269 3071 360 3156 gravi
392 3093 519 3135 annona
550 3076 626 3135 sunt
657 3071 846 3154 conflictati,
877 3070 949 3134 ideo
982 3069 1068 3153 quod

55 3167 198 3232 nondum
226 3190 328 3251 neque
357 3169 396 3232 ab
427 3167 537 3233 Sicilia
563 3191 666 3253 neque
694 3169 734 3232 ab
759 3167 907 3232 Sardinia
932 3189 1067 3231 comme

55 3269 128 3328 atus
152 3263 360 3346 subportatus
379 3269 457 3348 erat,
480 3287 583 3349 neque
606 3288 664 3349 per
684 3266 759 3329 anni
782 3269 909 3348 tempus
932 3264 967 3328 in
985 3265 1067 3327 mari

55 3362 172 3425 classes
201 3360 269 3423 sine
296 3361 438 3444 periculo
466 3363 577 3446 vagari
604 3365 767 3446 poterant3
797 3382 900 3445 neque
928 3360 1067 3443 amplius

53 3458 145 3521 milia
172 3479 325 3540 passuum
347 3476 384 3522 v1
406 3463 510 3523 terrae
533 3458 662 3523 Africae
685 3480 814 3542 quoquo
841 3480 952 3522 versus
981 3462 1066 3521 tene·

53 3556 134 3619 bant
162 3553 336 3637 pabulique
363 3555 473 3639 inopia
499 3556 733 3639 premebantur.
781 3554 851 3631 Qua
876 3553 1102 3618 necessitate4
