2414 3968
465 181 730 272 cerum-xm.
1035 184 1100 249 113

87 331 128 396 ad
142 354 201 396 nos
215 330 403 415 transfugit3
418 332 451 395 et
464 327 569 394 noetis
583 327 679 392 tertia
693 326 807 414 vigilia
814 327 849 392 in
859 328 977 413 oppido
988 330 1099 395 acerri-

85 452 138 496 me
152 433 331 514 pugnatum
346 431 405 511 est,
417 427 588 512 ignemque
597 424 736 491 multum
746 426 904 490 miserunt
913 426 997 492 sicut
1006 449 1100 492 omne

86 549 189 613 genus
199 527 326 593 telorum
339 525 557 602 absumeretur,
569 522 687 607 quibus
702 523 787 609 ignis
801 547 859 608 per
872 524 975 589 iactus
985 523 1100 590 solitus

85 628 136 690 est
153 625 249 689 mitti.
286 623 358 688 Hoc
376 623 550 707 praeterito
569 624 712 705 tempore
732 619 765 685 G.
783 620 979 706 Fundanius,
1002 645 1099 706 eques
1118 638 1134 685 3

86 723 268 806 Romanus,
291 744 331 787 ex
354 721 468 786 castris
491 719 746 785 adversariorum
770 720 810 784 ad
832 743 891 785 nos
915 721 1098 806 transfugit.

85 871 88 877 .
152 819 225 885 XII.
257 820 392 884 Postero
416 818 466 883 die
490 840 530 882 ex
552 817 678 902 legione
696 818 867 886 vernacula
885 818 1005 884 milites
1024 822 1133 884 suntl

85 919 172 1003 capti
196 919 235 982 ab
259 917 422 1003 equitibus
445 915 564 981 nostris
588 915 661 1000 duo,
684 916 740 999 qui
764 916 915 983 dixerunt
938 940 971 982 se
991 939 1100 983 servos

85 1039 164 1082 esse.
202 1015 283 1080 Cum
302 1016 458 1098 venirent,
476 1013 598 1098 cogniti
616 1016 693 1077 sunt
711 1036 730 1077 a
748 1014 916 1100 militibus,
932 1016 988 1100 qui
1007 1019 1100 1081 antea
1119 1032 1134 1079 a

86 1137 160 1180 cum
187 1113 287 1178 Fabio
313 1116 346 1178 et
373 1111 472 1177 Pedio
499 1106 640 1196 fueraut,
664 1112 750 1195 quod
773 1134 792 1176 a
814 1111 974 1178 Trebonio
998 1117 1100 1178 trans-

84 1211 244 1296 fugerant.
279 1211 338 1274 Eis
362 1211 402 1275 ad
425 1208 655 1296 ignoscendum
678 1209 767 1274 nulla
789 1209 925 1275 facultas
949 1215 998 1276 est
1017 1211 1100 1296 data,

84 1314 119 1381 et
146 1332 166 1373 a
192 1308 351 1375 militibus
374 1308 494 1373 nostris
517 1306 678 1373 interfecti
702 1312 785 1373 sunt.
830 1306 920 1374 Idem
943 1311 1134 1394 temporiss

84 1407 172 1491 capti
204 1406 378 1491 tabellarii,
411 1405 468 1490 qui
499 1428 518 1470 a
545 1404 693 1470 Corduba
723 1406 763 1470 ad
789 1407 980 1492 Pompeium
1007 1409 1099 1473 missi

84 1509 178 1570 erant
200 1526 431 1590 perperamque
455 1504 495 1568 ad
517 1507 630 1569 nostra
646 1507 752 1568 castra
769 1510 989 1591 pervenerant,
1011 1529 1098 1590 prae-

82 1603 160 1673 cisis
197 1603 346 1667 manibus
384 1594 476 1667 missi
513 1606 590 1666 sunt
622 1601 708 1667 facti.
762 1602 837 1668 Pari
870 1605 1136 1670 consuetudine4

83 1700 197 1786 vigilia
224 1701 364 1767 secunda
391 1723 431 1765 ex
459 1700 577 1784 oppido
605 1700 713 1784 ignem
736 1700 876 1767 multum
899 1702 1100 1788 telorumque

82 1798 328 1865 multitudinem
348 1798 497 1864 iactando
515 1798 596 1863 bene
614 1818 768 1884 magnum
787 1803 914 1884 tempus
933 1822 1100 1885 consump

84 1899 198 1962 serunt
221 1895 467 1980 compluresque
490 1895 677 1961 vulneribus
699 1896 891 1963 adfecerunt.
921 1897 1099 1964 Praeterito
1119 1912 1135 1960 a

84 1993 191 2058 noctis
223 1997 367 2077 tempore
401 1993 602 2076 eruptionem
630 1993 670 2057 ad
697 1993 856 2080 legionem
883 2013 920 2059 Vl
946 1996 1100 2080 fecerunt,

85 2113 160 2160 cum
183 2091 217 2154 in
236 2112 331 2174 opere
349 2090 454 2155 nostri
473 2090 605 2155 distenti
623 2094 739 2175 essent,
760 2091 938 2176 acriterque
956 2113 1099 2179 pugnare

84 2191 272 2272 coeperunt,
301 2209 438 2271 quorum
466 2188 516 2252 vis
543 2209 689 2272 repressa
716 2210 735 2251 a
762 2189 895 2273 nostris,
922 2191 984 2254 etsi
1012 2192 1099 2276 oppi-

85 2286 163 2351 dani
191 2285 356 2369 superiore
383 2285 454 2350 loco
479 2284 738 2351 defendebantur.
784 2283 843 2370 [Hi
867 2307 940 2350 cum
963 2288 1136 2371 eruptio-6

84 2407 160 2449 nem
187 2383 291 2448 facere
315 2383 510 2467 coepissent,
539 2386 648 2447 tamen
671 2382 791 2447 virtute
814 2381 955 2448 militum
977 2388 1101 2450 nostro·

83 2505 172 2567 rum,
210 2482 266 2567 qui
303 2482 364 2546 etsi
398 2480 552 2545 inferiore
590 2480 662 2545 loco
700 2480 939 2565 premebantur,
978 2483 1100 2569 tamen]

83 2579 207 2665 repulsi
239 2578 413 2644 adversarii
444 2578 525 2643 bene
558 2577 642 2643 mult
642 2577 672 2643 is
703 2577 890 2643 vulneribus
923 2579 1038 2645 adfecti
1013 2581 1100 2646 tin
1142 2664 1145 2670 Α

84 2679 240 2764 oppidum
264 2700 298 2742 se
321 2679 397 2741 cont
382 2676 535 2742 t.ulerunt

151 2775 240 2841 XIII.
284 2775 365 2853 Post
351 2779 421 2840 tero
449 2774 500 2839 die
527 2773 701 2859 Pompeius
729 2796 769 2838 ex
796 2778 865 2839 cast
866 2774 911 2839 ris
939 2774 1007 2839 suis
1030 2774 1099 2839 bra·
1119 2791 1134 2840 1

84 2831 194 2942 chium
217 2875 324 2938 ducere
346 2872 452 2956 coepit
438 2872 516 2937 tad
538 2872 659 2937 flumen
680 2869 877 2957 Salsum,et
845 2893 973 2938 ecum
996 2873 1100 2938 nostri

84 2971 176 3056 equit
177 2993 211 3035 es
237 2970 331 3055 pauci
358 2970 392 3036 in
420 2971 563 3035 statione
586 2969 724 3034 fuissent
710 2973 771 3034 ta
797 2968 945 3053 pluribus
971 2971 1099 3054 reperti,

84 3071 126 3135 de
149 3069 222 3133 stat
214 3091 286 3134 rone
310 3073 386 3133 sunt
408 3068 579 3133 deiectit
496 3071 579 3132 tte
601 3067 700 3136 occisi
718 3071 792 3132 tres.
824 3065 875 3133 Εο
899 3067 949 3133 die
971 3066 1011 3131 A.
1022 3065 1097 3132 Val-
1117 3085 1134 3133 a

83 3168 171 3254 gius,
199 3166 355 3231 senatoris
382 3165 483 3250 filius,
513 3165 605 3231 cuius
633 3165 735 3230 frater
762 3165 797 3228 in
825 3165 939 3230 castris
962 3163 1096 3250 Pompei

83 3265 214 3347 fuisset,
243 3263 391 3328 omnibus
417 3263 484 3328 suis
509 3263 605 3327 rebus
628 3262 749 3329 relictis
773 3285 891 3348 equum
914 3264 1100 3329 conscendit

84 3367 119 3430 et
145 3361 237 3446 fugit.
286 3358 473 3444 Speculator
501 3361 540 3425 de
569 3361 697 3446 legione
719 3378 746 3425 11
768 3360 964 3445 Pompeiana
987 3364 1134 3444 captust

84 3484 105 3526 a
128 3458 287 3523 militibus
311 3462 344 3523 et
365 3458 553 3523 interfectus
577 3463 639 3543 est3
662 3459 811 3543 idemque
832 3457 987 3543 temporis
1006 3458 1097 3543 glans

83 3557 185 3623 missa
212 3559 262 3621 est
288 3554 455 3641 inscripta:
489 3578 552 3640 quo
580 3557 631 3620 die
659 3556 699 3620 ad
727 3556 881 3641 oppidum
904 3556 1098 3640 capiundum
