2414 3968
114 208 158 273 92
453 203 601 259 BELLUM
617 201 789 257 armcuu.

114 356 210 436 atque
224 351 286 415 iter
299 351 462 434 inceptum
475 349 522 414 ire
540 350 721 431 coeperunt
755 344 917 411 Labienus
936 366 998 428 per
1017 344 1129 430 iugum

114 470 276 512 summum
294 447 385 512 collis
403 448 590 511 dextrorsus
607 445 721 530 procul
738 443 892 527 subsequi
909 464 979 506 non
994 441 1130 507 destitit

79 562 94 610 1
179 542 324 608 LXXVI.
369 542 547 626 Postquam
570 541 685 607 Caesar
712 539 753 603 ad
777 538 933 623 oppidum
957 536 1129 603 Sarsuram

113 640 214 724 venit,
249 639 503 725 inspectantibus
540 637 729 703 adversariis
764 636 934 701 interfecto
966 635 1130 720 praesidio

115 735 287 822 Scipionis,
309 758 384 801 curn
406 737 474 800 suis
497 735 653 799 auxilium
674 735 759 799 ferre
780 755 846 798 non
870 732 1042 818 auderent,
1069 733 1130 798 for·

113 834 190 899 titer
221 836 420 918 repugnante
449 831 485 897 P.
509 831 671 916 Cornelio,
702 833 833 896 evocato
863 828 1044 915 Scipionis,
1076 830 1129 915 qui

114 932 160 997 ibi
186 934 345 1015 praeerat,
376 933 474 1013 atque
500 951 520 993 a
545 929 753 993 multitudine
780 928 999 993 circumvento
1034 927 1131 992 inter·

113 1029 261 1111 tectoque
289 1026 407 1111 oppido
434 1027 558 1111 potitur
585 1030 682 1110 atque
708 1026 755 1090 ibi
781 1024 944 1089 frumento
971 1024 1129 1090 exercitui

115 1124 189 1188 dato
216 1127 346 1207 postero
375 1123 425 1188 die
453 1123 493 1186 ad
520 1123 673 1207 oppidum
696 1121 877 1206 Thysdram
903 1120 1070 1208 pervenit3
1096 1122 1130 1187 in

116 1242 179 1305 quo
199 1219 369 1285 Considius
391 1219 505 1305 perid
528 1224 655 1305 tempus
677 1220 783 1284 fuerat
805 1240 879 1284 cum
902 1218 1020 1304 grandi
1039 1242 1130 1305 prae·

80 1317 196 1384 asidio
219 1318 414 1402 eohorteque
437 1339 495 1382 sua
523 1316 745 1401 gladiatorum.
792 1314 908 1380 Caesar
935 1315 1050 1400 oppidi
1077 1338 1129 1381 na-

114 1419 187 1479 tura
213 1418 380 1500 perspecta
403 1436 503 1499 aquae
526 1413 635 1497 inopia
657 1414 697 1479 ab
721 1412 960 1497 oppugnatione
984 1412 1057 1478 eius
1080 1414 1129 1478 de

113 1513 245 1577 territus
271 1512 420 1596 protinus
446 1511 609 1595 profectus
636 1510 763 1575 circiter
791 1509 882 1574 milia
909 1531 1070 1594 passuum
1094 1529 1130 1575 Π

114 1608 154 1670 ad
191 1629 306 1692 aquam
344 1606 423 1671 facit
446 1609 568 1670 -castra
608 1611 704 1691 atque
744 1606 817 1672 inde
860 1609 975 1691 quarta
1015 1608 1130 1693 vigilia

115 1725 262 1788 egressus
295 1703 378 1767 redit
409 1724 522 1767 rursus
553 1703 593 1767 ad
624 1726 662 1768 ea
689 1708 805 1788 castra,
837 1726 919 1788 quae
946 1703 989 1768 ad
1015 1703 1131 1791 Aggar

114 1799 278 1863 habuerat.
322 1797 413 1863 Idem
439 1799 518 1862 facit
541 1797 648 1884 Scipio
677 1804 772 1885 atque
800 1801 834 1865 in
862 1800 997 1884 antiqua
1024 1807 1131 1868 castra

115 1896 223 1979 copies
247 1895 380 1959 reducit.

80 2011 95 2059 1
180 1989 342 2056 LXXVII.
384 1991 608 2078 Thebenenses
625 1994 765 2078 interim,
789 1993 845 2078 qui
867 1994 927 2059 sub
947 1994 1078 2063 dicione
1098 2002 1134 2063 et

114 2092 273 2173 potestate
291 2087 390 2154 Iubae
409 2111 478 2154 esse
497 2095 704 2155 consuessent
732 2092 766 2155 in
785 2093 929 2154 extrema
946 2091 1018 2157 eius
1036 2094 1131 2180 regni

113 2187 244 2271 regione
271 2186 443 2250 marituma
468 2185 581 2273 locati,
594 2188 763 2253 interfecto
787 2188 881 2272 regio'
899 2190 1065 2273 praesidio
1088 2192 1132 2257 le

93 2274 207 2369 ¹gatos
226 2283 266 2347 ad
284 2282 451 2348 Caesarem
473 2284 617 2369 mittunt,
639 2307 707 2349 rem
727 2285 838 2370 [male]
858 2290 983 2370 gestam
1003 2287 1132 2375 docent,

113 2385 229 2465 petunt
251 2384 420 2465 orantque,
442 2384 480 2444 ut
503 2381 571 2444 suis
593 2380 747 2465 fortunis,
770 2403 839 2446 cum
861 2383 899 2447 de
919 2383 1043 2466 populo
1066 2384 1130 2450 Ro·

79 2497 208 2543 umano
244 2478 325 2542 bene
360 2478 469 2542 meriti
501 2481 621 2561 essent,
658 2478 814 2543 auxilium
845 2478 952 2544 ferret.
1012 2480 1133 2548 Caesar

114 2597 224 2639 eorum
256 2574 389 2639 consilio
421 2574 557 2658 probato
590 2573 747 2640 Marcium
778 2574 927 2660 Crispum
958 2577 1132 2644 tribunum

114 2694 187 2737 curn
214 2671 345 2736 cohorte
373 2674 406 2735 et
433 2671 610 2756 sagittariis
640 2673 874 2757 tormentisque
905 2674 1132 2758 compluribus

79 2769 272 2852 epraesidio
291 2768 477 2832 Thebanam
499 2768 610 2832 mittit.
650 2768 774 2835 Eodem
797 2774 943 2855 tempore
966 2793 1007 2836 ex
1028 2772 1132 2858 legio-

86 2896 88 2899 *
114 2864 209 2929 nibus
236 2865 386 2930 omnibus
412 2865 547 2949 milites,
580 2865 636 2949 qui
668 2869 724 2930 aut
755 2867 868 2931 morbo
896 2867 1045 2951 impediti
1073 2875 1134 2934 aut

115 2965 293 3025 commeatu
316 2962 391 3025 dato
411 2983 483 3026 cum
502 2962 605 3046 signis
623 2984 688 3027 non
705 2968 879 3047 potuerant
897 2967 971 3029 anto
989 2967 1133 3032 transire

113 3055 270 3140 Africam,
303 3058 343 3121 ad
374 3057 465 3122 milia
496 3077 546 3142 IV,
578 3059 703 3144 equites
736 3077 835 3144 cccc,
866 3060 1049 3126 funditores
1082 3086 1133 3128 sa

115 3153 301 3240 gittariique
332 3154 421 3219 mille
451 3176 515 3219 uno
546 3161 726 3221 commeatu
752 3157 880 3222 Caesari
910 3165 1132 3226 occurrerunt

78 3251 227 3335 4Itaque
255 3271 329 3315 cum
357 3250 409 3314 his
437 3252 538 3336 copiis
561 3257 594 3318 et
616 3253 765 3319 omnibus
788 3253 970 3338 legionibus
994 3256 1133 3343 eductis,

115 3349 199 3412 sicut
222 3351 291 3411 erat
318 3347 507 3433 instructus,
535 3349 627 3434 v[111]
655 3350 787 3415 milibus
813 3373 967 3436 passuum
996 3352 1037 3416 ab
1062 3355 1133 3419 suis

115 3444 242 3529 castris,
274 3444 313 3509 ab
343 3442 502 3528 Scipionis
530 3469 605 3511 vero
633 3464 659 3510 11
686 3447 818 3512 milibus
844 3470 999 3532 passuum
1031 3449 1133 3536 longe

117 3542 264 3606 constitit
287 3542 321 3606 in
344 3564 464 3625 campo.
