2414 3968
407 200 485 257 car.
503 201 767 258 xxxi-uxum.
901 271 903 275 ι
1032 203 1093 267 127

84 349 180 429 esset,
212 347 281 411 eius
313 346 420 411 verbis
452 347 603 412 nuntium
630 348 745 432 mittit,
778 371 850 413 eum
879 348 985 412 minus
1013 348 1096 414 belle

84 443 215 508 habere:
238 448 276 508 ut
298 444 465 509 mitterent
487 444 643 527 lecticam,
667 467 730 529 qua
752 447 786 510 in
807 445 961 530 oppidum
980 445 1117 511 deferri

83 542 196 626 possit.
236 542 424 608 Lecticariis
443 543 551 608 missis
568 541 743 626 Pompeius
762 542 922 608 Carteiam
946 543 1096 608 defertur.
1115 561 1132 608 8

85 639 148 716 Qui
179 638 309 703 illarum
339 641 481 725 partium
512 640 655 704 fautores
687 645 807 725 essent,
840 642 1034 706 conveniunt
1063 643 1097 706 in

84 737 230 822 domum,
257 760 321 822 quo
351 742 420 803 erat
447 737 571 803 delatus
596 775 637 783 —
662 739 718 822 qui
745 739 893 803 arbitrati
916 743 992 804 suut
1014 739 1097 805 clan-

82 834 192 899 culum
220 836 345 900 venisse
373 873 430 918 —,
461 838 499 898 ut
526 835 566 899 ab
595 857 645 919 eo,
676 858 757 919 quae
784 835 917 921 vellent,
945 837 984 902 de
1011 837 1096 902 bello

81 933 292 1015 requirerent.
342 930 424 997 (lum
456 932 637 1017 frequentia
668 934 883 1018 convenisset,
901 934 953 1000 ,de
984 934 1098 998 lectica

81 1029 258 1114 Pompeius
280 1053 391 1096 eorum
415 1031 449 1095 iu
470 1031 568 1096 fidem
591 1030 747 1117 confugit.

150 1127 301 1193 XXXIH.
339 1128 455 1194 Caesar
477 1151 517 1193 ex
534 1128 662 1213 'proelio
686 1128 814 1194 Mando
836 1129 1015 1193 munitione
1039 1128 1131 1194 cir-1

83 1226 235 1290 cumdata
253 1226 435 1292 Cordubam
458 1227 554 1292 venit.
591 1225 655 1302 Qui
677 1248 717 1290 ex
736 1225 829 1291 caede
848 1249 885 1291 eo
904 1226 1098 1312 refugerant,

82 1328 215 1408 pontem
239 1329 445 1410 occuparunt.
487 1323 567 1389 Cum
590 1346 628 1388 eo
651 1327 783 1387 ventum
806 1327 900 1408 esset,
923 1324 1132 1389 convitiarer

82 1427 266 1508 coeperrmt,
289 1445 349 1488 nos
372 1445 412 1488 ex
434 1421 557 1507 proelio
581 1442 699 1504 paucos
723 1443 903 1506 superesse3
927 1443 990 1505 quo
1008 1421 1097 1506 fuge-

81 1520 213 1584 remus?
267 1518 319 1584 Ita
356 1540 499 1605 pugnare
537 1523 710 1604 coeperunt
745 1519 784 1583 de
820 1522 927 1602 ponte.
982 1517 1098 1584 Caesar
1140 1564 1143 1569 -

82 1617 203 1682 flumen
226 1618 353 1683 traiecit
376 1622 409 1682 et
431 1622 535 1683 castra
558 1617 674 1700 posuit.
721 1615 868 1701 Scapula,
891 1616 993 1699 totius
1017 1617 1132 1682 sedi-3

81 1714 182 1778 tionis
211 1716 238 1800 [,
267 1715 408 1780 familiae
436 1720 469 1780 et
494 1715 734 1798 libertinorum]
765 1718 875 1798 caput,
907 1736 947 1778 ex
974 1714 1097 1798 proelio

83 1809 267 1876 Cordubam
294 1835 367 1878 cum
395 1814 549 1897 venisset,
574 1811 732 1876 familiam
760 1816 793 1876 et
820 1811 956 1876 libertos
983 1833 1097 1877 convo-

82 1910 177 1992 cavit,
200 1932 312 1992 pyram
336 1910 399 1974 sibi
422 1910 579 1993 extruxit,
606 1932 716 1974 cenam
746 1910 865 1974 adferri
892 1931 988 1993 quam
1016 1911 1097 1993 opti-

82 2027 169 2070 mam
188 2005 369 2091 imperavit,
387 2007 465 2071 item
482 2007 613 2091 optimis
628 2007 869 2072 instemendum
883 2008 1097 2072 vestimentis:

82 2103 252 2186 pecuniam
281 2107 314 2167 et
341 2108 510 2189 argentum
532 2105 567 2167 in
589 2104 770 2187 praesentia
792 2103 934 2168 familiae
957 2104 1096 2173 donavit.

82 2197 158 2282 Ipse
184 2199 222 2263 de
245 2203 389 2283 tempore
412 2203 517 2283 cenat,
544 2201 681 2265 resinam
707 2205 739 2265 et
761 2201 897 2264 nardum
922 2201 1097 2265 identidem
1116 2218 1133 2265 4

83 2297 149 2361 sibi
171 2298 321 2363 infundit.
357 2295 410 2362 Ita
430 2297 606 2362 novissimo
629 2302 774 2380 tempore
797 2319 927 2362 servum
949 2298 1049 2362 iussit
1065 2302 1098 2362 et

81 2393 246 2480 libertum,
270 2395 324 2479 qui
348 2395 464 2459 fuisset
481 2395 550 2460 eius
569 2395 776 2478 concubinus,
798 2393 934 2459 alterum
953 2417 987 2459 se
1006 2395 1097 2480 iugu-

81 2492 164 2576 lare,
186 2493 324 2572 alterum
347 2515 461 2577 pyram
483 2493 660 2558 incendere.

151 2589 319 2656 XXXIIII.
370 2587 532 2675 Oppidani
563 2595 685 2674 autem,
716 2589 815 2655 simul
847 2588 964 2654 Caesar
994 2595 1132 2655 castrat

83 2693 198 2753 contra
220 2690 260 2754 ad
279 2688 434 2773 oppidum
452 2689 571 2774 posuit,
593 2687 774 2753 discordare
793 2692 977 2772 coeperunt,
996 2710 1099 2772 usque

86 2809 139 2871 eo,
171 2791 210 2851 ut
232 2786 353 2852 clamor
375 2786 410 2851 iu
432 2791 538 2852 castra
559 2790 671 2870 nostra
692 2787 875 2870 perveniret
888 2788 912 2870 †
924 2786 991 2851 fere
1014 2786 1099 2850 inter

85 2883 295 2950 Caesarianos
322 2888 356 2949 et
380 2885 465 2949 inter
487 2884 709 2968 Pompeianos.
754 2884 858 2948 Erant
879 2883 932 2949 hic
954 2883 1132 2969 legionesa

83 2982 168 3046 duae
185 3005 224 3046 ex
237 2983 382 3070 perfugis
396 2978 606 3067 conscriptae,
623 2981 742 3065 partim
756 2981 990 3066 oppidanorum
1004 2983 1098 3061 servi,

84 3078 142 3163 qui
174 3083 266 3143 erant
296 3102 315 3143 a
348 3078 379 3144 S.
406 3078 561 3163 Pompeio
593 3081 797 3164 manumissi,
834 3079 890 3164 qui
921 3079 955 3143 in
987 3079 1097 3145 Gaesa-

83 3176 130 3240 ris
162 3175 334 3241 adventum
366 3177 535 3243 dissentire
563 3182 744 3262 coeperunt.
768 3176 891 3262 .Legio
917 3194 981 3241 xm
1007 3178 1131 3262 appi-3

85 3273 164 3337 dum
183 3272 351 3338 defendere
369 3275 483 3359 coepit,
502 3297 551 3358 ne,
570 3296 642 3339 cum
661 3275 725 3339 iam
744 3274 973 3360 depugnarent,
991 3278 1096 3339 turres

85 3393 126 3436 ex
154 3375 246 3455 parte
273 3375 306 3435 et
332 3393 460 3436 murum
488 3376 689 3456 occuparent.
738 3371 877 3437 Demum
904 3371 1029 3457 legatos
1057 3371 1132 3436 ad4

85 3466 255 3533 Caesarem
269 3468 412 3553 mittunt,
426 3474 463 3534 ut
475 3471 539 3534 sibi
551 3469 695 3555 legiones
705 3470 848 3534 subsidio
858 3470 1098 3535 intromitteret.

84 3564 157 3630 Hoc
185 3587 259 3630 eum
286 3565 577 3632 animadverterent
602 3566 750 3633 homines
772 3567 918 3653 fugitivi,
944 3566 1098 3651 oppidum
