2414 3968
133 182 196 246 126
427 179 574 237 BELLUM
592 178 843 237 HISPANIENSE.

95 345 110 393 7
128 326 201 410 Hic,
215 331 252 391 ut
265 327 311 391 ait
323 326 458 409 Ennius,
471 349 536 411 pes
553 326 646 410 pede
665 326 867 410 premitur,
881 327 1012 393 armis
1029 331 1156 394 terun-

130 431 194 491 tur
223 446 337 508 arma,
365 424 626 509 adversariosque
653 424 940 490 vehementissime
970 430 1156 513 pugnantes

129 522 233 589 nostri
256 543 350 607 agere
372 527 559 606 coeperunt;
582 522 700 607 quibus
722 522 880 606 oppidum
901 523 974 589 fuit
999 525 1154 591 subsidio.

95 620 182 686 elta
205 621 284 704 ipsis
306 619 509 685 Liberalibus
531 621 596 685 fusi
619 620 787 705 fugatique
809 641 876 684 non
902 622 1155 706 superfuissent,

131 719 193 784 nisi
217 719 251 782 in
273 740 346 783 eum
369 718 476 784 locum
499 717 730 803 confugissent,
751 739 792 781 ex
815 738 881 801 quo
904 722 1008 785 erant
1027 721 1158 807 egressi,

96 815 169 881 9111
192 838 257 901 quo
280 816 403 899 proelio
427 816 609 881 ceciderunt
631 814 721 880 milis
738 814 910 880 hominum
929 816 1072 883 circiter
1088 836 1152 882 m

131 918 164 980 et
187 914 215 978 si
239 913 317 998 quid
340 912 491 997 amplius,
513 917 678 996 praeterea
700 911 872 995 Labienus,
892 910 1018 981 Attius
1043 914 1152 997 Varus,

132 1011 250 1097 quibus
287 1011 400 1075 occisis
437 1011 583 1095 utrisque
619 1010 717 1075 funus
749 1013 799 1074 est
829 1009 972 1096 factum,
1013 1013 1152 1099 ibamque

131 1108 256 1192 equites
283 1108 420 1173 Romani
447 1108 566 1191 partim
594 1132 634 1174 ex
661 1109 740 1173 urbe
767 1106 887 1191 partim
915 1130 957 1173 ex
985 1110 1152 1194 provincia

81 1222 114 1271 10
134 1206 175 1269 ad
210 1205 301 1270 milia
331 1224 379 1270 111.
429 1205 544 1271 Nostri
581 1205 751 1271 desiderati
783 1204 824 1268 ad
854 1203 1036 1273 hominum
1070 1207 1151 1273 mille

80 1320 112 1370 11
132 1305 252 1388 partim
275 1304 421 1389 equitum
443 1304 561 1387 partim
589 1304 748 1388 peditum;
775 1302 876 1367 saucii
898 1302 941 1367 ad
964 1302 1011 1369 D.
1035 1303 1150 1371 Adver-

131 1403 290 1467 sariorum
319 1400 444 1485 aquilae
472 1405 549 1466 sunt
575 1401 701 1466 ablatae
727 1418 791 1463 xm
814 1403 849 1464 et
869 1399 969 1485 signa
993 1407 1031 1467 et
1053 1403 1150 1469 fanos

138 1526 273 1584 ......;
300 1503 465 1584 praeterea
485 1550 625 1563 .......
668 1496 738 1562 Hos
761 1496 875 1562 hebuit
896 1548 1049 1565 .......

98 1617 111 1664 1
198 1597 333 1662 XXXII.
377 1646 517 1662 .......
548 1620 588 1662 ex
611 1597 690 1682 fuga
711 1594 779 1659 hac·
795 1594 851 1679 qui
875 1595 1041 1679 oppidum
1065 1598 1150 1664 Mun·

134 1696 207 1760 dam
243 1695 307 1760 sibi
338 1695 582 1760 constituissent
612 1693 820 1779 praesidium,
854 1694 1032 1780 nostrique
1067 1717 1149 1783 cogo

98 1812 113 1859 a
133 1793 252 1857 bantur
270 1793 448 1856 necessario
467 1814 521 1856 eos
540 1791 787 1857 circumvallare.
817 1790 870 1855 Ex
887 1790 1043 1859 hostium
1059 1795 1149 1861 armis

131 1894 224 1954 scuta
248 1894 281 1954 et
302 1888 369 1973 pila
390 1911 449 1973 pro
473 1890 606 1973 cespite,
628 1912 688 1974 pro
711 1888 796 1953 vallo
824 1889 984 1955 cadavera
1008 1892 1150 1959 conloca

131 1989 263 2072 bantur,
295 1987 426 2071 insuper
457 1988 635 2052 occisorum
667 1988 701 2051 in
729 1986 910 2072 gladiorum
938 1992 1150 2057 mucronibus

131 2087 238 2170 capite
264 2085 432 2151 hominum
460 2085 606 2149 ordinata
633 2085 674 2149 ad
700 2084 854 2169 oppidum
878 2106 1058 2154 conversa:
1092 2089 1151 2155 uni·

132 2205 224 2248 versa
254 2183 398 2248 hostium
430 2183 579 2248 timorem
610 2232 751 2247 .......
782 2182 981 2266 virtutisque
1013 2186 1152 2273 insignia

131 2281 298 2365 proposita
328 2281 474 2347 viderent
505 2284 538 2345 et
568 2280 654 2345 vallo
684 2278 1019 2347 circumcluderentur
1050 2284 1152 2351 adver·

97 2397 113 2444 3
133 2379 217 2443 sarii.
263 2377 314 2443 lta
337 2377 422 2443 Galli
445 2377 582 2465 tragulis
605 2377 781 2462 iaculisque
804 2376 977 2463 oppidum,
1005 2385 1099 2464 quod
1121 2404 1153 2448 ox

132 2475 276 2541 hostium
300 2476 507 2541 cadaveribus
530 2479 608 2539 sunt
630 2475 849 2560 circumplexi,
871 2497 1075 2565 oppugnare
1094 2501 1153 2547 coe

97 2591 115 2640 4
133 2578 258 2659 perunt.
294 2573 347 2637 Ex
368 2572 431 2638 hoo
448 2573 571 2657 proelio
590 2571 740 2638 Valerius
759 2572 945 2638 adulescens
966 2572 1154 2645 Cordubam

134 2694 208 2737 oum
226 2671 337 2755 paucis
351 2671 515 2753 equitibus
528 2671 623 2756 fugit,
642 2670 714 2736 Sex.
727 2669 894 2755 Pompeio,
909 2672 969 2755 qui
984 2671 1153 2743 cordubae

100 2786 115 2834 o
134 2769 259 2851 fuisset,
282 2789 350 2831 rem
373 2771 498 2852 gestam
520 2769 627 2833 refert.
666 2767 804 2853 Cognito
822 2767 885 2832 hoc
902 2773 1057 2860 negotio,
1082 2795 1154 2861 quos

135 2866 259 2949 equites
292 2886 400 2929 secum
431 2864 559 2950 habuit,
591 2866 677 2951 quod
708 2866 860 2951 pecuniae
888 2888 1004 2933 secum
1033 2871 1155 2953 habuit

136 2964 183 3027 e'is
211 2961 377 3026 distribuit
403 2966 437 3026 et
463 2963 632 3047 oppidanis
660 2964 743 3029 dixit
773 2985 808 3028 se
836 2964 875 3028 de
904 2986 988 3048 pace
1016 2971 1066 3037 nd
1090 2970 1154 3037 Ona

136 3082 239 3124 sarem
262 3059 423 3143 proficisci
445 3065 478 3125 et
502 3062 641 3126 secunda
658 3060 772 3147 vigilia
794 3061 834 3124 ab
854 3060 977 3145 oppido
998 3065 1156 3135 dmoosnt

101 3177 117 3224 6
137 3157 193 3223 Gn.
211 3157 383 3242 Pompeius
407 3183 479 3226 cum
502 3160 665 3245 equitibus
688 3159 799 3243 paucis
818 3157 1060 3248 nonnullisque
1079 3164 1156 3252 pedi·

137 3258 226 3322 tibus
255 3257 294 3320 ad
322 3259 432 3338 nasale
462 3258 657 3342 praesidium
684 3257 861 3341 parandum
890 3255 1065 3329 Carteiam
1094 3287 1157 3331 con·

138 3356 252 3438 tendit,
275 3355 361 3438 quod
384 3356 537 3439 oppidum
561 3355 651 3419 abest
675 3353 861 3419 aCorduba
883 3352 979 3420 milia
1003 3382 1157 3444 passuum

105 3468 242 3517 tcnxx.
301 3451 371 3528 Quo
412 3474 485 3517 oum
527 3453 567 3516 ad
603 3456 751 3517 octavum
791 3450 969 3519 miliarium
1009 3461 1157 3541 venisset,

141 3549 176 3614 P.
209 3548 384 3632 GauciliuS,
421 3551 475 3633 qui
513 3549 627 3614 castris
659 3554 753 3614 antea
783 3549 919 3634 Pompei
950 3561 1158 3645 praepositus
