2414 3968
80 169 119 223 VI
475 167 687 223 PRAEFATIO.

81 320 133 378 sed
164 322 218 379 aut
244 318 412 380 hominibus
443 318 585 380 historiae
612 319 764 378 Romanae
792 317 950 394 studiosis,
982 319 1037 396 qui
1065 339 1097 380 eo

81 428 180 468 carere
207 428 267 467 non
293 410 431 483 possunt,
455 411 508 466 aut
531 408 586 484 eis,
610 407 663 483 qui
690 407 818 466 sermoni
840 407 965 486 vulgari
989 427 1097 487 coguo-

80 497 187 557 scendo
211 515 332 573 operam
350 496 431 572 dant,
453 497 523 554 usui
542 497 590 555 sit.
620 496 735 554 Horum
758 498 860 555 autem
879 497 1020 556 omnium
1038 517 1097 557 non

80 586 205 646 interest
227 589 343 645 textum
366 585 397 642 in
419 585 557 644 manibus
579 585 697 661 habere,
721 585 774 661 qui
796 584 885 644 facile
909 585 973 663 legi
998 586 1101 662 possit,

82 676 133 735 sed
156 675 239 749 scire,
264 673 337 750 quid
359 673 451 733 fuerit
474 674 504 732 in
529 674 690 750 archetypo
713 674 741 752 β.

171 762 328 823 Codicibus
355 780 428 821 usus
457 781 523 821 sum
550 762 655 821 iisdem
687 764 779 837 atque
806 762 837 820 in
868 761 994 822 edendis
1023 783 1098 823 oom-

80 853 234 911 mentariis
263 851 316 926 qui
343 855 414 909 sunt
441 850 477 910 de
506 851 591 910 Bello
616 850 716 926 civili,
744 850 962 927 Alexandrino,
986 852 1098 912 Africo.

81 941 183 1016 Atque
211 939 341 999 codicem
368 940 545 998 Thuaneum
570 935 621 1017 (Τ)
651 939 714 1015 ipse
747 939 869 999 contuli.
912 939 1097 1002 collationes

84 1029 220 1089 codicum
237 1027 391 1087 Ursiniani
407 1024 471 1105 (U),
494 1028 732 1089 Vindobonensis
748 1023 812 1105 (V),
835 1027 1030 1088 Riceardiani
1048 1025 1097 1106 (11)

82 1137 146 1193 cap.
167 1118 319 1193 28—36,
341 1120 372 1190 13
401 1119 457 1192 40,
478 1119 594 1174 7442
622 1116 660 1174 ab
687 1117 752 1192 ipso
776 1117 1003 1176 accuratissime
1032 1136 1097 1179 con-

82 1208 175 1265 fectas
193 1206 363 1282 Meuselius,
386 1205 433 1264 vir
456 1206 580 1264 eximiae
603 1205 801 1280 liberalitatis,
825 1205 923 1280 qualis
946 1206 981 1276 in
1005 1208 1096 1267 homi·

82 1295 170 1353 nibus
184 1314 252 1353 vere
272 1294 366 1355 doctm
381 1312 443 1354 esse
462 1295 546 1370 solet,
565 1294 691 1352 utendas
709 1293 783 1351 mibi
799 1294 945 1369 permisit.
980 1293 1097 1355 Codicis

81 1383 278 1443 Laurentiani
310 1385 404 1459 68,8
431 1379 496 1460 (W)
531 1382 688 1443 collatione
721 1400 756 1440 ea
785 1400 859 1441 usus
890 1400 973 1459 sum,
1007 1403 1097 1460 quam

80 1473 118 1531 Η.
137 1473 309 1550 Rostagnus
335 1473 368 1530 in
396 1471 572 1532 Studiorum
598 1471 773 1532 Italicorum
799 1470 989 1549 Philologiae
1017 1472 1096 1532 (llas—

82 1562 160 1622 sicae
178 1562 329 1622 volumine
347 1561 379 1618 H
400 1581 429 1636 p.
447 1562 619 1620 135-138
643 1560 757 1636 publici
775 1559 849 1618 iuris
868 1560 948 1619 fecit.
979 1560 1096 1622 Codicis

81 1650 355 1709 Ashburnhamiani
378 1645 426 1726 (S)
450 1652 511 1708 tres
531 1650 704 1709 collationes
725 1648 800 1707 mihi
822 1651 942 1724 praesto
960 1649 1096 1726 fuerunt,

82 1757 151 1813 una,
171 1757 262 1813 quam
276 1737 428 1797 Gravenus
446 1738 477 1795 in
495 1756 584 1796 usum
601 1738 776 1798 Mommseni
794 1737 941 1813 instituit,
961 1739 1097 1799 alteras

82 1826 279 1902 Woelfflinio,
301 1827 393 1885 tertia
416 1826 636 1886 aMiodonslxio
659 1827 748 1886 facta.
781 1825 863 1895 Quae
886 1825 939 1885 ubi
962 1827 1046 1887 inter
1067 1846 1097 1887 se

83 1915 304 1991 discrepabant,
332 1915 532 1975 Woelfflinius
559 1915 657 1975 denuo
689 1915 819 1975 codicem
847 1914 1023 1976 Florentiae
1054 1917 1096 1976 in·

84 2005 182 2080 spexit
204 2022 310 2079 meque
328 2022 444 2063 summa
463 2022 531 2063 cum
553 2004 740 2063 humanitate
759 2003 795 2062 de
813 2003 945 2081 genuina
967 2004 1097 2066 lectione

83 2093 240 2152 certiorem
262 2093 341 2152 fecit.
369 2093 488 2169 Inspexi
511 2112 631 2169 quoque
650 2092 840 2154 collationem
859 2092 968 2152 codicis
983 2094 1096 2155 Vindo

82 2183 220 2242 bonensis
253 2201 271 2242 0
303 2182 496 2242 Polascbelxio
529 2183 560 2240 in
592 2181 838 2257 Ephemeridibus
870 2183 1098 2258 gymnasiorum

83 2272 311 2332 Austriacorum
334 2271 465 2330 01892
489 2290 519 2346 p.
534 2271 598 2329 384
612 2289 656 2345 sq.
679 2270 799 2329 editam.
832 2268 915 2338 Quae
937 2276 1098 2346 praeterea

83 2361 118 2420 de
142 2360 277 2420 codicum
299 2359 476 2420 lectionibus
499 2359 648 2434 adnotavi,
672 2377 707 2417 ea
726 2378 761 2417 ex
780 2358 961 2418 editionibus
975 2357 1097 2419 Ouden-

84 2450 188 2526 dorpii,
211 2449 383 2525 Nipperdei,
406 2448 556 2506 Duebneri
579 2447 719 2522 excerpsi.

171 2539 335 2599 Hominum
357 2537 520 2612 doctorum,
544 2537 597 2612 qui
619 2539 722 2595 nostra
740 2538 840 2594 001010
859 2535 929 2594 1010
947 2553 1098 2597 commen·

84 2629 162 2687 tario
190 2625 373 2686 emendando
401 2643 521 2700 operam
549 2625 694 2683 dederunt
722 2655 764 2665 —
791 2623 904 2699 priores
932 2624 1014 2683 enim
1043 2626 1100 2685 etsi

84 2736 143 2777 non
166 2715 296 2793 neglexi,
319 2717 421 2772 tamen
444 2732 615 2772 enumerare
638 2731 717 2772 nunc
739 2712 918 2788 supersedeo
942 2744 984 2754 -—
1010 2714 1100 2774 facile

85 2805 250 2881 principem
272 2802 371 2861 locum
393 2804 475 2861 tenet
498 2803 670 2862 Theodorus
688 2801 859 2862 Mommsen.
890 2799 949 2869 Qui
972 2820 1046 2861 cum
1067 2803 1100 2861 in

84 2893 193 2951 Hermo
225 2890 411 2949 Berolinensi
437 2908 463 2949 a.
492 2892 575 2951 1893
603 2912 632 2967 p.
652 2893 715 2951 607
732 2908 775 2966 eq.
806 2908 947 2968 maguam
979 2892 1100 2968 copiam

86 2980 315 3040 adnotationum
333 2981 363 3036 et
384 2979 625 3039 emendationum
642 2980 674 3037 10
691 2979 789 3038 10000
811 2978 995 3056 protulisset,
1019 2999 1101 3041 nunc

86 3070 184 3128 denuo
211 3068 350 3145 plagulas
377 3067 467 3125 huius
489 3086 572 3126 meae
596 3068 746 3143 editioniS,
771 3085 831 3143 qua
858 3085 975 3143 semper
998 3073 1047 3129 est
1069 3071 1101 3129 10

85 3177 132 3216 00
155 3157 339 3234 benignitate
363 3174 397 3214 ac
419 3156 634 3231 benevolentia,
656 3157 757 3233 legens
775 3156 939 3232 permultas
959 3156 1100 3218 observa·

85 3247 182 3305 tiones
212 3245 342 3322 margini
374 3244 539 3320 adscripsit.
585 3244 665 3314 Quas
692 3246 754 3303 fere
786 3261 886 3304 omnes
915 3243 941 3303 si
974 3264 1037 3305 non
1070 3247 1101 3306 in

86 3336 203 3393 textum
230 3335 339 3410 recepi,
368 3337 400 3393 01
431 3337 531 3393 tamen
559 3333 590 3391 in
621 3333 807 3409 praefatione
834 3331 938 3391 critica
971 3352 1100 3394 comme·

86 3424 208 3482 moravi.
239 3424 317 3482 Nam
340 3440 524 3499 quamquam
546 3422 665 3498 saepius
687 3440 735 3480 me
757 3421 876 3481 monuit
893 3420 940 3480 vir
962 3421 1100 3500 ingenio-

89 3510 223 3570 sissimus
247 3515 278 3571 et
299 3531 353 3588 per
370 3511 486 3570 litteras
506 3515 537 3569 et
555 3528 654 3570 coram
676 3529 792 3570 mecum
810 3510 846 3568 de
868 3509 986 3570 ratione
1009 3511 1102 3572 huius

88 3597 227 3661 editionis
255 3601 424 3677 disputans,
447 3601 483 3658 ut
510 3599 679 3659 cautissime
703 3618 739 3658 ex
764 3599 827 3658 suis
854 3598 1103 3661 adnotationibus
