2414 3968
366 191 461 248 cnr.
479 191 743 248 xm-xxxrrn.
877 259 879 264 .
1008 191 1069 255 127

60 341 157 420 esset,
189 338 258 402 eiua
289 337 397 401 verbis
428 337 579 402 nuntium
606 337 722 422 mittit,
754 361 827 404 eum
854 337 961 401 minus
989 337 1072 402 belle

60 435 191 499 habere:
214 439 252 499 ut
275 435 441 500 mitterent
463 434 620 517 lecticam,
643 437 762 519 quain
784 434 938 520 oppidum
957 434 1093 499 deferri'

60 533 172 617 possit.
213 533 400 599 Lecticariis
419 533 527 599 missis
545 531 719 616 Pompeius
738 532 899 597 Carteiam
922 532 1073 597 defertur.
1092 549 1108 596 8

61 631 125 708 Qui
156 629 285 696 illarum
316 631 458 716 partium
488 630 631 695 fautores
664 635 784 714 essent,
816 631 1011 696 conveniunt
1040 631 1074 694 in

30 722 33 726 ⁴
61 729 207 813 domum,
234 751 298 813 quc
327 732 397 793 erat
423 728 548 793 delatus
573 729 695 812 —qui
721 728 870 792 arbitrati
893 732 968 794 sunt
990 727 1073 792 clan-

60 826 169 891 culum
197 827 322 890 venisse
350 863 406 909 -,
438 829 476 889 ut
503 825 543 889 ab
571 847 622 908 co,
653 847 733 909 quae
760 825 894 910 vedent,
922 826 960 891 dc
987 825 1073 891 bello

58 924 269 1007 requirerent.
319 922 401 988 Cum
432 923 614 1008 frequentia
645 924 859 1006 convenisset,
878 922 930 989 ,de
961 922 1074 987 lectica

58 1021 235 1105 Pompeius
257 1044 368 1088 eorum
392 1022 426 1086 in
447 1021 545 1086 fidem
568 1019 724 1106 confugit.

127 1118 278 1184 XXXIH.
316 1119 432 1184 Caesar
454 1141 494 1184 ex
516 1117 639 1203 proelio
663 1117 791 1183 Mundo
812 1118 992 1183 munitione
1016 1117 1108 1182 cir-1

61 1217 212 1282 cumdata
230 1217 412 1283 Cordubam
435 1217 532 1282 venit.
568 1215 632 1292 Cui
654 1238 694 1280 ex
713 1216 807 1280 caede
825 1237 862 1281 1ο
880 1215 1075 1300 refugerant,

16 1378 21 1383 .
59 1319 192 1399 pontem
216 1320 422 1401 occuparunt.
464 1314 544 1380 Cum
568 1335 605 1378 eo
629 1317 761 1377 ventum
784 1317 878 1396 esset,
900 1313 1109 1378 convitiarer

60 1419 244 1499 coeperunt,
266 1436 325 1479 nos
349 1437 389 1479 ex
411 1412 534 1498 proelio
558 1433 677 1495 paucos
700 1433 880 1495 superesse,
904 1432 967 1495 quo
985 1410 1075 1495 fuge·

59 1511 190 1576 remus?
244 1510 296 1576 Ita
333 1531 477 1596 pugnare
514 1513 688 1594 coeperunt
723 1508 762 1573 de
798 1512 905 1593 ponte.
959 1506 1076 1573 Caesar
1118 1552 1121 1557 -

59 1609 180 1673 flumen
203 1610 330 1674 traiecit
353 1613 386 1674 et
409 1613 513 1674 castra
534 1607 652 1691 posuit.
698 1604 845 1691 Scapula,
870 1605 971 1688 totius
994 1605 1074 1670 sedi·
1093 1622 1109 1669 3

59 1706 160 1770 tionis
188 1707 215 1791 [,
244 1706 385 1771 familiae
413 1711 446 1771 et
472 1705 712 1788 libertinorum]
743 1708 853 1788 caput,
885 1725 924 1767 cx
951 1703 1075 1787 proelio

61 1801 244 1867 Cordubam
272 1826 345 1868 cum
372 1804 526 1887 venisset,
552 1801 710 1867 familiam
738 1806 771 1866 et
798 1801 933 1866 libertos
961 1822 1075 1865 convo-

59 1900 154 1984 carit,
176 1923 290 1985 pyram
313 1901 377 1966 sibi
399 1901 557 1984 extruxit,
583 1922 694 1965 cenam
724 1899 843 1964 adferri
869 1920 966 1983 quam
994 1899 1075 1983 opti·

60 2020 148 2062 mam
166 1997 346 2082 imperavit,
364 1999 443 2062 item
459 1999 591 2082 optimis
606 1997 847 2062 insternendum
861 1997 1076 2061 vestimentis:

60 2096 231 2179 pecuniam
259 2098 291 2159 et
319 2099 487 2180 argentum
511 2096 545 2158 in
567 2095 749 2179 praesentia
770 2093 912 2158 familiae
935 2094 1075 2162 donavit.

60 2190 136 2274 Ipse
162 2191 200 2255 de
223 2194 367 2275 tempore
390 2194 495 2274 cenat,
522 2192 659 2256 resinam
685 2195 717 2255 ct
740 2190 876 2255 nardum
901 2190 1075 2254 identidem
1094 2207 1111 2254 4

61 2289 127 2354 sibi
149 2289 299 2354 infundit.
336 2286 388 2353 Ita
408 2288 584 2353 novissimo
608 2292 751 2370 tempore
775 2309 904 2352 serrum
927 2287 1027 2351 iussit
1043 2291 1076 2351 ct

59 2385 225 2471 libertum,
248 2387 303 2471 qui
326 2386 442 2451 fuisset
459 2387 528 2450 eius
547 2385 754 2468 concubinus,
776 2383 912 2449 alterum
931 2406 965 2448 ae
984 2385 1075 2469 iugu-

60 2484 142 2568 lare,
165 2485 303 2563 alterum
325 2506 440 2568 pyram
462 2483 638 2548 incendere.

129 2580 297 2647 XXXIIII.
348 2579 510 2666 Oppidani
541 2584 663 2664 autem,
695 2580 793 2664 simul
825 2578 942 2644 Cacsar
973 2584 1110 2645 castral

62 2685 176 2745 contra
198 2681 239 2745 ad
257 2679 413 2765 oppidum
430 2680 549 2764 posuit,
572 2677 753 2744 discordare
771 2681 955 2761 coeperunt,
974 2698 1077 2761 usque

65 2801 118 2862 eo,
150 2782 188 2842 ut
210 2777 332 2844 clamor
354 2778 388 2841 in
411 2781 516 2843 castra
538 2780 650 2841 nostra
671 2776 970 2860 perveniret†fcre
993 2775 1078 2839 inter

64 2875 273 2941 Caesarianos
301 2879 334 2941 11
359 2877 444 2940 inter
465 2874 688 2959 Pompeianos.
732 2873 836 2938 Erant
857 2872 911 2937 hic
933 2872 1111 2957 legionesa

63 2975 147 3038 duae
164 2996 203 3038 ex
215 2974 361 3061 perfugis
375 2972 584 3057 conscriptae,
601 2971 721 3055 partim
735 2971 969 3055 oppidanorum
983 2972 1077 3050 servi,

63 3070 120 3155 qui
153 3074 244 3135 crant
275 3093 294 3134 a
326 3069 358 3135 S.
385 3069 539 3154 Pompeio
572 3070 776 3154 manumissi3
812 3069 869 3153 qui
900 3070 934 3132 in
965 3066 1076 3133 Caesa·

61 3168 109 3232 ris
140 3167 314 3236 adventum
345 3168 514 3233 dissentire
542 3172 723 3252 coeperunt.
747 3165 868 3251 ,Legio
896 3184 960 3231 xm
987 3168 1110 3250 oppia

66 3265 143 3328 dum
163 3265 330 3330 defendere
348 3266 463 3350 coepit,
481 3287 530 3349 nc,
548 3287 622 3330 cum
640 3265 704 3329 iam
723 3264 952 3349 depugnarent,
970 3267 1075 3327 turres

64 3384 105 3427 ex
134 3366 225 3446 parte
252 3366 286 3426 et
312 3384 440 3427 murum
467 3366 668 3446 occuparent.
717 3361 856 3431 Demum
883 3361 1008 3446 legatos
1036 3361 1111 3424 ada

64 3458 234 3525 Caesarem
248 3459 392 3545 mittunt,
405 3465 442 3525 ut
455 3461 518 3524 sibi
531 3460 674 3545 legiones
684 3459 828 3525 subsidio
838 3459 1078 3524 intromitteret.

63 3556 137 3621 Hoc
164 3578 238 3621 cum
265 3557 556 3623 animadverterent
582 3556 729 3623 homines
752 3556 897 3642 fugitivi,
924 3556 1077 3641 oppidum
