2414 3968
389 194 483 251 car.
502 195 765 252 xxxi-axum.
900 264 902 269 ,
1030 196 1092 260 127

82 344 180 423 esset,
211 341 280 405 eius
312 341 419 405 verbis
451 340 601 405 nuntium
629 341 744 426 mittit,
776 365 849 408 eum
877 343 984 406 minus
1011 342 1094 408 belle

82 438 214 502 habere:
237 441 275 502 ut
296 439 464 503 mitterent
485 438 642 522 lecticam,
665 461 729 523 qua
751 440 785 504 in
806 439 960 525 oppidum
978 440 1115 505 deferri

82 537 195 621 possit.
235 536 422 603 Lecticariis
442 537 549 603 missis
567 535 742 620 Pompeius
760 535 921 602 Carteiam
944 537 1131 602 desertura

84 634 146 711 Qui
178 633 307 699 illarum
338 636 480 719 partium
510 634 653 699 fautores
686 639 806 718 essent,
838 636 1033 700 conveniunt
1062 637 1096 700 in

83 732 229 816 domum,
256 755 320 817 quo
350 736 419 798 erat
445 732 570 797 delatus
595 733 717 817 —qui
743 733 892 798 arbitrati
915 737 990 798 sunt
1013 733 1096 798 elan-

82 829 191 894 culum
219 830 343 894 venisse
372 867 429 913 —,
461 833 498 893 ut
525 829 565 893 ab
593 851 644 913 eo,
675 852 755 914 quae
782 830 916 915 vellent,
944 831 983 895 de
1009 831 1095 897 bello

81 927 291 1010 requirerent.
342 926 422 992 Cum
454 927 636 1012 frequentia
667 929 881 1011 convenisset,
899 928 952 993 *de
983 927 1096 992 lectica

80 1024 256 1109 Pompeius
279 1047 390 1091 eorum
413 1026 447 1090 in
469 1025 566 1090 fidem
590 1024 746 1111 confugit.

148 1122 299 1188 XXXIII.
338 1123 453 1188 Caesar
476 1146 516 1187 cx
538 1122 661 1208 proelio
685 1122 813 1188 Mandu
835 1123 1014 1188 munitione
1037 1122 1130 1188 cir-1

82 1221 234 1285 cumdata
252 1220 434 1286 Cordubam
456 1222 553 1286 venit.
590 1220 653 1297 Qui
676 1243 716 1285 cx
735 1221 828 1285 caede
847 1243 884 1285 eo
902 1220 1097 1306 refugerant,

80 1323 214 1402 pontem
238 1323 443 1404 occuparimt.
485 1317 566 1384 Cum
590 1340 627 1382 co
650 1321 782 1381 ventum
805 1320 899 1401 esset,
922 1318 1131 1383 convitiarer

81 1422 265 1503 coepenmt,
288 1440 347 1482 nos
370 1440 411 1486 ex
433 1416 556 1501 proelio
580 1437 698 1499 paucos
722 1437 902 1500 superesse,
925 1437 989 1499 quo
1007 1415 1096 1501 fuge-

80 1515 212 1579 remus?
266 1513 318 1579 Ita
355 1535 498 1600 pugnare
536 1517 709 1598 coeperunt
745 1512 783 1577 dc
819 1517 926 1598 ponte.
981 1511 1097 1578 Caesar
1140 1557 1142 1563 -

80 1612 202 1677 flumen
224 1613 352 1678 traiecit
374 1617 407 1677 et
430 1617 534 1677 castra
556 1611 673 1695 posuit.
720 1609 867 1695 Scapula,
891 1610 992 1693 totius
1016 1611 1131 1676 sedi-3

80 1708 181 1773 tionis
210 1711 237 1795 [,
266 1711 407 1774 familiae
435 1715 468 1775 ct
493 1709 733 1792 libertinorum]
758 1712 874 1792 caput,
906 1730 946 1773 ex
973 1708 1096 1793 proelio

82 1804 265 1871 Cordubam
293 1830 366 1873 eum
394 1808 547 1891 venisset,
573 1805 731 1871 familiam
760 1810 793 1871 et
819 1805 955 1871 libertos
982 1828 1096 1871 convo·

81 1905 176 1987 cavit,
199 1926 312 1987 pyram
335 1904 399 1970 sibi
420 1906 578 1988 extruxit,
604 1927 715 1969 cenam
745 1904 864 1969 adferri
891 1925 987 1988 quam
1015 1905 1096 1988 opti-

81 2022 168 2065 mam
187 2000 368 2086 imperavit,
386 2002 464 2067 item
481 2003 612 2086 optimis
627 2002 868 2067 instemendum
882 2002 1096 2066 vestimentis:

81 2098 252 2181 pecuniam
280 2103 313 2163 et
340 2103 509 2184 argentum
532 2099 566 2162 in
588 2100 769 2183 praesentia
791 2098 933 2163 familiae
956 2099 1095 2168 donavit.

81 2192 156 2276 Ipse
183 2194 221 2258 de
244 2198 388 2278 tempore
411 2198 517 2279 cenat,
543 2197 680 2260 resinam
705 2201 739 2260 et
761 2196 896 2260 nardum
922 2195 1096 2260 identidem
1115 2213 1132 2260 4

82 2292 147 2356 sibi
170 2292 320 2357 infundit.
357 2290 408 2356 Ita
429 2293 605 2357 novissimo
628 2297 773 2375 tempore
796 2313 925 2357 servum
947 2292 1048 2356 iussit
1064 2297 1097 2357 et

80 2388 246 2474 libertum,
269 2390 324 2474 qui
347 2390 463 2455 fuisset
480 2391 549 2455 eius
568 2390 774 2474 concubinus,
797 2388 933 2453 alterum
952 2412 986 2454 se
1004 2390 1096 2475 iugu-

81 2487 163 2571 lare,
186 2487 324 2566 alterum
346 2510 460 2572 pyram
483 2488 659 2552 incendere.

150 2584 318 2651 XXXIIII.
369 2582 531 2670 Oppidani
562 2588 684 2669 autem,
715 2584 814 2649 simul
846 2583 963 2649 Caesar
994 2589 1131 2649 castrat

82 2689 197 2748 contra
219 2684 259 2748 ad
278 2683 433 2768 oppidum
451 2683 570 2768 posuit,
592 2682 773 2747 discordare
792 2686 976 2765 coeperunt,
995 2704 1097 2767 usquc

85 2804 139 2865 eo,
171 2785 209 2845 ut
231 2780 352 2846 clamor
375 2782 409 2845 in
431 2785 537 2846 castra
559 2784 670 2864 nostra
691 2781 990 2865 pervenirct†fere
1013 2780 1098 2844 inter

84 2878 294 2944 Caesarianos
321 2883 355 2944 et
379 2880 464 2944 inter
485 2878 708 2963 Pompeianos
753 2878 857 2942 Ilrant
878 2877 931 2942 hic
953 2876 1131 2963 legionesa

84 2977 167 3041 duae
184 3000 223 3041 ex
236 2977 381 3064 perfugis
396 2976 605 3061 conscriptae,
622 2976 741 3060 partim
755 2975 989 3060 oppidanorum
1004 2977 1097 3055 servi,

84 3073 141 3158 qui
173 3077 265 3138 erant
296 3096 315 3137 a
347 3073 378 3139 S.
406 3073 560 3158 Pompeio
592 3075 796 3158 manumissi,
833 3074 889 3158 qui
920 3073 954 3138 in
986 3073 1096 3139 Caesa·

82 3170 129 3234 ris
161 3169 334 3235 adventum
365 3171 534 3237 dissentire
562 3176 743 3256 coeperunt.
767 3171 890 3256 Legio
916 3189 980 3236 xm
1007 3172 1130 3256 oppia

85 3267 163 3331 dum
182 3267 350 3333 defendere
369 3270 483 3354 coepit,
501 3291 550 3352 ne,
568 3291 641 3333 cum
660 3270 724 3334 iam
744 3269 973 3354 depugnarent,
990 3272 1095 3333 turres

84 3387 125 3430 ex
154 3369 245 3449 parte
272 3369 306 3429 et
331 3388 460 3431 murum
488 3370 688 3451 occuparent.
737 3366 877 3432 Demum
903 3365 1028 3451 legatos
1056 3366 1131 3430 ad4

85 3460 254 3527 Caesarem
268 3462 412 3547 mittunt,
425 3469 462 3529 ut
475 3464 538 3528 sibi
550 3463 694 3549 legiones
704 3464 847 3530 subsidio
858 3465 1098 3529 intromitteret.

83 3559 157 3624 Hoc
184 3581 258 3625 cum
286 3560 576 3627 animadverterent
602 3560 749 3627 homines
772 3562 917 3647 fugitivi,
943 3562 1096 3646 oppidum
