2414 3968
112 182 156 247 96
448 183 595 237 BELLUM
612 181 782 236 AFRIGUM.

113 326 238 391 iniussu
264 328 468 412 imperatoris
495 330 732 409 concurrerent,
763 347 823 390 nec
855 326 1043 411 quicquam
1069 347 1127 411 pro

113 423 253 488 licerent.

79 537 94 585 1
179 520 356 586 LXXXIII.
407 466 500 599 Qudd
531 524 703 605 postquam
736 518 853 584 Caesar
885 520 1061 586 intellexit
1092 521 1128 585 iu-

115 619 221 682 citatis
243 619 384 683 militum
408 619 522 683 animis
545 618 653 682 resisti
676 615 765 681 nullo
788 616 886 680 modo
906 638 1023 702 posse,
1047 619 1128 703 signo

113 715 291 780 Felicitatis
314 717 388 780 dato
413 738 495 800 equo
519 716 657 779 admisso
685 714 720 777 in
746 712 875 777 hostem
904 718 1028 779 contra
1054 715 1128 800 prin-

79 826 96 874 2
115 813 201 896 cipes
220 814 266 877 ire
285 812 456 877 contendit.
497 812 528 876 A
547 813 659 876 dextro
678 811 808 876 interim
827 832 931 876 cornu
951 812 1129 879 funditores

115 909 338 995 sagittariique
361 911 487 974 concita
508 909 574 974 tela
596 909 630 973 in
654 908 842 993 elephantos
864 908 1064 994 frequentes
1081 911 1129 976 ini·

115 1008 212 1071 ciunt.
258 1005 329 1082 Quo
356 1006 441 1071 facto
464 1007 586 1071 bestiae
609 1006 746 1070 stridore
769 1004 960 1090 fundarum,
991 1007 1130 1092 lapidum

115 1103 302 1187 plumbique
330 1103 450 1168 iactatu
477 1103 665 1188 perterritae
694 1124 763 1167 sese
786 1106 979 1170 convertere
1005 1110 1042 1171 et
1063 1126 1130 1171 suos

115 1203 191 1283 post
215 1221 249 1263 se
275 1199 459 1283 frequentes
487 1200 687 1283 stipatosque
711 1202 875 1283 proterere
900 1203 936 1264 et
961 1201 1001 1265 in
1028 1207 1130 1287 portas

81 1296 192 1360 uvalli
220 1296 400 1361 semifactas
424 1319 516 1361 ruere
546 1296 750 1360 contendunt.
795 1293 879 1360 Item
906 1293 1023 1364 Mauri
1051 1299 1130 1384 equi·

116 1397 180 1478 tes,
206 1394 262 1477 qui
292 1394 326 1457 iu
356 1393 467 1458 eodem
497 1414 595 1458 cornu
625 1390 804 1475 elephantis
836 1394 931 1455 erant
960 1394 1131 1478 praesidio,

80 1506 98 1552 4
117 1491 233 1556 deserti
247 1490 408 1573 principes
422 1489 560 1574 fugiunt.
590 1488 642 1554 Ita
655 1488 800 1554 celeriter
817 1487 934 1553 bestiis
954 1491 1130 1558 circumitis

115 1588 259 1673 legiones
281 1586 366 1650 vallo
388 1585 532 1650 hostium
555 1591 631 1651 sunt
653 1587 789 1670 potitae,
823 1588 857 1649 et
878 1586 997 1669 paucis
1022 1589 1131 1654 acriter

117 1682 371 1767 repugnantibus
387 1682 627 1767 interfectisque
645 1683 762 1768 reliqui
781 1682 936 1747 concitati
959 1683 998 1751 in
1023 1690 1131 1769 castra

118 1780 202 1844 unde
224 1779 327 1861 pridie
350 1783 441 1842 erant
464 1781 592 1864 egressi,
616 1781 815 1866 confugiunt.

83 1895 97 1942 1
182 1873 376 1939 LXXXIIII.
415 1874 490 1940 Non
512 1877 640 1941 videtur
662 1900 730 1942 esse
748 1877 1081 1962 praetermittendum
1099 1879 1131 1944 de

116 1974 236 2037 virtute
253 1971 367 2036 militis
380 1973 523 2037 veterani
536 1990 561 2036 v
573 1974 718 2059 legionis.
749 1973 784 2039 N
784 1995 836 2037 am
851 1995 924 2039 cum
944 1975 980 2040 in
1000 1977 1132 2043 sinistro

117 2091 216 2134 comu
243 2068 394 2153 elephans
422 2069 553 2134 vulnere
580 2071 663 2136 ictus
691 2075 724 2141 et
750 2070 860 2136 dolore
887 2072 1077 2140 concitatus
1103 2075 1133 2140 in

116 2167 216 2231 lixam
230 2167 384 2230 inermem
402 2166 559 2250 impetum
577 2168 707 2232 fecisset
725 2188 861 2251 eumque
879 2167 941 2232 sub
960 2170 1049 2252 pede
1065 2171 1133 2236 sub

117 2265 220 2330 ditum
239 2264 312 2329 dein
330 2285 415 2349 genu
433 2264 563 2328 innixus
582 2265 722 2349 pondere
740 2285 799 2328 suo
817 2264 1013 2347 proboscide
1031 2273 1133 2334 erecte

28 2387 30 2392 ·
116 2357 320 2445 vibrantique
343 2361 479 2425 stridore
502 2362 642 2425 maximo
665 2364 825 2445 premeret
849 2364 949 2445 atque
976 2370 1134 2450 enecaret,

116 2460 209 2524 miles
235 2459 289 2523 hic
316 2481 381 2523 non
407 2460 515 2543 potuit
541 2459 624 2543 pati,
657 2458 735 2542 quin
766 2480 800 2522 se
832 2461 976 2524 armatus
1010 2462 1134 2528 bestias
1171 2448 1173 2455 ¹

81 2557 254 2622 aufferret.
302 2553 403 2630 Quem
427 2560 599 2639 postquam
622 2554 773 2639 elephans
797 2553 837 2618 ad
859 2576 894 2619 se
915 2554 985 2621 telo
1013 2557 1135 2625 infesto

116 2654 225 2718 venire
240 2651 473 2736 animadvertit,
491 2651 603 2717 relicto
624 2652 773 2716 cadavere
789 2650 926 2716 militem
937 2654 1136 2738 proboscide

23 2773 26 2781 ·
82 2749 295 2815 scircumdat
318 2751 412 2830 atque
436 2749 469 2812 in
493 2749 629 2814 sublime
653 2748 787 2813 extolIit.
828 2747 995 2836 Armatus,
1020 2755 1082 2837 qui
1103 2755 1135 2819 in

119 2844 275 2909 eiusmodi
311 2843 453 2926 periculo
490 2850 673 2910 constanter
709 2845 868 2930 agendum
900 2847 964 2912 sibi
999 2849 1136 2936 videret,

119 2941 225 3025 gladio
257 2940 492 3025 proboscidem,
529 2965 593 3026 qua
624 2947 693 3007 erat
723 2942 954 3027 circumdatus,
993 2947 1136 3033 caedere,

84 3039 275 3120 cquancum
306 3036 428 3102 viribus
460 3042 601 3124 poterat,
632 3063 698 3105 non
730 3040 862 3104 destitit.
916 3039 989 3116 Quo
1022 3043 1136 3111 dolore

119 3132 273 3196 adductus
298 3133 447 3217 elephans
470 3135 573 3200 milite
596 3137 719 3201 abieoto
740 3138 880 3202 maximo
900 3160 975 3202 cum
994 3142 1136 3210 stridore

119 3250 276 3312 cursuque
300 3251 470 3296 conversus
494 3232 535 3295 ad
557 3233 697 3318 reliquas
719 3235 840 3299 bestias
863 3257 897 3300 se
920 3237 1054 3321 recepit.

85 3343 98 3390 1
184 3325 343 3391 LXXXV.
387 3326 530 3412 Interim,
553 3328 681 3413 Thapso
705 3331 761 3415 qui
784 3334 876 3395 erant
897 3333 1073 3420 pracsidio,
1097 3358 1137 3400 ex

119 3422 237 3506 oppido
260 3425 460 3507 eruptionem
482 3430 576 3509 porta
598 3428 770 3491 marituma
792 3427 917 3493 iaciunt
939 3433 980 3514 et,
1004 3431 1078 3498 sive
1099 3436 1137 3497 ut

120 3519 186 3583 suis
209 3520 352 3584 subsidio
376 3527 586 3608 occurrerent,
611 3525 678 3588 sive
701 3529 738 3588 ut
761 3524 879 3608 oppido
902 3525 1032 3592 deserto
1055 3527 1134 3613 fuga
