2414 3968
116 191 161 254 20
382 187 530 242 BELLUM
548 186 851 241 ALEXANDRINUM.

115 334 210 399 nibus
233 334 378 418 partibus
402 333 559 416 subieota3
582 330 686 397 tribus
706 335 812 395 autem
832 351 871 394 ex
894 329 1057 395 lateribus
1079 352 1130 394 va-

115 432 156 495 rii
183 432 308 517 generis
336 430 570 494 munitionibus
593 428 778 513 tegebatur:
810 449 911 492 unum
942 427 1032 492 latus
1062 430 1130 492 erat

115 528 273 592 adieotum
301 526 427 590 flumini
456 525 548 609 Nilo,
580 526 717 590 alterum
746 524 925 589 editissimo
952 524 1028 588 looo
1057 524 1129 589 duo·

114 629 198 708 tum,
225 630 261 689 ut
289 628 414 708 partem
443 627 621 686 castrorum
648 622 821 706 obtineret,
849 621 983 686 tertium
1012 622 1129 705 palude

115 722 312 806 cingebatur.

81 837 95 884 1
180 815 349 882 XXVIIII.
386 815 475 881 Inter
498 820 602 880 eastra
625 821 657 880 et
680 815 824 882 Caesaris
851 816 914 881 iter
936 817 1062 881 flumen
1085 817 1129 881 in-

114 915 296 979 tercedebat
324 918 497 998 angustum
525 912 690 978 altissimis
719 914 813 998 ripis,
841 913 928 998 quod
955 913 990 978 in
1013 912 1129 980 Nilum

115 1011 279 1094 influebat,
303 1010 411 1073 aberat
435 1013 540 1073 autem
560 1011 599 1074 ab
622 1011 707 1095 regis
727 1010 841 1075 eastris
863 1010 955 1074 milia
972 1032 1129 1095 passuum

81 1108 244 1175 aoiroiter
271 1125 329 1170 vn.
375 1105 446 1170 Rex
479 1129 551 1171 oum
582 1106 644 1171 hoo
676 1108 789 1171 itinere
818 1106 927 1171 venire
958 1106 1128 1172 Gaesarem

116 1204 336 1287 comperisset,
365 1204 545 1288 equitatum
573 1226 699 1268 omnem
727 1203 957 1288 expeditosque
986 1204 1128 1270 delectos

115 1300 238 1384 pedites
271 1301 311 1364 ad
342 1301 376 1364 id
409 1302 529 1364 flumen
560 1301 665 1384 misit,
697 1301 753 1384 qui
785 1301 925 1365 transitu
957 1299 1128 1366 caesarem

115 1397 323 1481 prohiberent
354 1403 386 1463 et
416 1399 541 1462 eminus
570 1421 610 1463 ex
636 1398 716 1481 ripis
748 1397 907 1482 proelium
934 1399 1044 1484 impar
1072 1399 1127 1465 ini·

115 1501 200 1560 rent:
222 1496 347 1560 nullum
367 1496 452 1560 enim
474 1517 660 1577 processum
677 1496 782 1560 virtus
804 1495 943 1561 habebat
966 1501 1025 1561 aut
1049 1498 1127 1582 peri·

82 1593 224 1660 acuum
248 1592 377 1677 ignavia
400 1591 536 1656 subibat.
583 1589 670 1667 Quae
694 1615 744 1657 res
771 1592 913 1657 inoendit
935 1591 1049 1658 dolore
1072 1595 1127 1659 mi·

116 1689 190 1752 lites
218 1690 405 1772 equitesque
438 1692 512 1751 nost
513 1709 580 1771 roa,
613 1690 699 1772 quod
728 1694 795 1754 tam
824 1690 878 1754 diu
904 1689 977 1774 pari
1003 1691 1127 1775 proelio

82 1807 190 1853 eoum
217 1784 444 1848 Alexandrinis
477 1788 643 1848 certarent.
693 1784 807 1870 Itaque
839 1786 950 1850 eodem
982 1789 1128 1873 tempore

118 1881 242 2042 equites
262 1879 412 1945 Germani
436 1880 570 1989 dispersi
589 1882 670 1946 vada
688 1883 830 1947 fluminis
850 1887 1041 1967 quaerentes
1059 1908 1128 1970 par·

118 1978 178 2042 tim
197 1977 482 2041 demissioribus
456 1978 535 2086 ripis
559 1978 680 2043 flumen
702 1983 879 2058 tranarunt
903 1983 935 2043 et
957 1980 1128 2065 legionarii

118 2075 244 2185 magnis
273 2074 439 2138 arboribus
462 2074 593 2160 excisis,
623 2098 704 2159 quae
731 2076 933 2162 longitudine
956 2080 1129 2163 utramque

118 2174 222 2257 ripam
245 2177 320 2236 oont
321 2172 480 2257 ingerent,
507 2172 659 2255 proiectis
687 2174 729 2237 us
756 2173 987 2257 repentinoque
1011 2196 1129 2262 aggere

84 2271 235 2338 sinieoto
266 2271 386 2334 flumen
417 2269 623 2334 transierunt.
680 2268 824 2346 Quorum
860 2271 1018 2354 impetum
1051 2273 1129 2338 adeo

118 2370 355 2452 pertimuerunt
381 2367 506 2451 hostes,
538 2370 576 2430 ut
603 2367 636 2429 in
663 2367 742 2452 fuga
771 2388 860 2450 spem
888 2366 1003 2431 salutis
1034 2369 1130 2435 eollo

118 2469 238 2548 carent3
267 2464 323 2528 sed
351 2464 385 2528 id
411 2463 545 2528 frustra:
579 2486 717 2547 namque
745 2486 785 2527 ex
807 2487 844 2528 ea
870 2464 949 2549 fuga
970 2469 1069 2548 pauoi
1092 2468 1132 2533 ad

118 2583 225 2646 regem
249 2561 437 2646 refugerunt
463 2581 564 2642 paene
588 2560 678 2624 omni
704 2560 829 2644 reliqua
850 2559 1062 2627 multitudine
1086 2563 1132 2628 in-

119 2659 259 2723 terfeota.

86 2778 99 2822 1
185 2755 285 2818 XXX.
322 2753 439 2819 Caesar
457 2775 491 2818 re
510 2753 764 2837 praeclarissime
783 2757 875 2839 gesta
893 2763 965 2818 eu'm
984 2755 1134 2822 subitum

121 2852 292 2915 adventum
319 2874 414 2915 suum
444 2850 602 2915 iudicaret
628 2872 781 2936 magnum
809 2852 964 2914 terrorem
991 2848 1134 2918 Alexan-

121 2948 221 3011 drinis
243 2949 445 3032 inmaturum,
467 2948 616 3031 protinus
633 2948 737 3014 vietor
760 2947 801 3010 ad
823 2951 927 3011 eastra
949 2947 1038 3031 regis
1062 2972 1134 3034 per·

86 3043 232 3110 stendit.
277 3043 366 3108 Haeo
388 3067 461 3110 oum
485 3048 517 3110 et
541 3068 636 3129 opere
658 3065 775 3129 magno
793 3043 913 3108 vallata
935 3047 968 3107 et
989 3043 1056 3110 loci
1080 3070 1136 3112 na

121 3145 195 3204 tura
221 3141 344 3204 munita
371 3142 640 3207 animadverteret
667 3141 906 3224 confertamque
933 3145 1137 3209 armatorum

122 3237 363 3301 multitudinem
382 3238 570 3304 eollooatam
588 3240 622 3303 in
635 3237 720 3302 vallo
738 3237 870 3320 videret,
893 3236 996 3302 lassos
1014 3238 1138 3307 itinere

123 3355 160 3396 ao
186 3332 370 3417 proeliando
392 3334 513 3399 milites
537 3336 577 3399 ad
600 3334 813 3419 oppugnanda
836 3338 940 3399 eastra
962 3337 1139 3403 succedere

124 3430 236 3496 noluit.
282 3428 394 3514 Itaque
417 3454 482 3496 non
506 3453 623 3517 magno
647 3432 815 3496 intervallo
838 3431 950 3496 relioto
974 3432 1014 3495 ab
1037 3432 1138 3502 hoste

87 3532 229 3592 eoastra
245 3527 363 3612 posuit.
398 3527 532 3593 Postero
552 3529 602 3593 die
622 3528 796 3613 castellum,
820 3528 906 3613 quod
927 3550 984 3593 rex
1008 3529 1045 3595 in
1061 3554 1139 3616 pro
