2414 3968
112 152 177 217 218
328 153 357 210 0.
376 153 464 208 IULII
482 153 654 209 CAESARIS
672 149 911 208 FRAGMENTA.

5 307 125 390 930¹&
293 295 351 350 AD
369 295 405 350 A.
424 296 625 351 ALIENUM
640 294 954 352 PROCONSULEM.

38 404 88 454 (es).
190 394 260 448 Bell.
280 394 343 461 Asr.
362 397 409 461 20,
422 398 447 448 3.
485 394 606 449 litteras
628 395 660 447 in
682 393 808 448 Siciliam
829 393 1002 462 ntmliosaue
1027 395 1138 460 mittere,

113 471 144 520 ut
166 465 222 519 sibi
245 472 332 520 crates
354 467 542 534 materiemque
560 471 731 536 conpererant
749 465 787 519 ad
805 465 917 531 arictes,
937 465 1024 520 cuius
1041 465 1139 535 inopia

113 537 144 589 in
162 537 264 603 Africa
282 542 355 603 esset,
369 543 512 606 practerea
529 536 642 603 ferrum,
656 536 800 604 plumbum
817 536 980 591 mitteretur.

297 696 454 751 OIROUM
470 695 734 751 PROVINCIAM
749 693 950 751 AFRICAM.

184 794 255 849 Bell.
274 795 338 861 Afr.
357 798 447 860 26,1.
486 793 587 848 Caesar
604 794 723 860 interim,
740 810 802 848 arm
819 794 853 848 de
870 809 921 848 suo
940 795 1071 851 adventu
1088 797 1139 851 du·

114 866 209 921 litatio
222 866 254 920 in
264 866 410 934 provincia
423 871 488 920 esset
500 881 586 934 necue
599 865 743 934 quisquam
761 865 878 920 crederet
895 865 999 934 ipsum,
1021 868 1073 922 sed
1087 868 1137 922 ali·

113 954 191 1005 quem
210 938 327 1007 lepatum
345 938 376 990 in
394 937 522 1004 Africam
539 953 601 990 cum
618 936 704 1004 copiis
721 936 832 1002 nemisse,
850 937 1017 1006 conscriptis
1040 938 1138 994 litteris

113 1009 216 1062 circnma
230 1008 403 1078 provinciam
420 1023 511 1063 omnes
528 1007 650 1063 civitates
667 1007 738 1074 facit
751 1007 784 1061 de
796 1023 847 1062 suo
861 1007 985 1064 adventu
998 1011 1138 1066 certiores.

175 1167 233 1221 AD
252 1166 286 1222 A.
306 1165 506 1223 ALIENUM
521 1167 578 1220 ET
594 1165 810 1222 RABIRIUM
826 1165 1075 1224 POSTUMUM.

184 1274 255 1329 Bell.
269 1273 334 1341 Afr.
348 1277 395 1341 26,
409 1278 435 1328 3.
463 1273 578 1329 Litteris
600 1274 720 1329 celeriter
741 1275 774 1328 in
791 1273 918 1328 Siciliam
940 1274 982 1328 ad
1000 1275 1136 1331 Alienum

113 1351 138 1400 st
164 1345 314 1400 Rabirium
341 1346 502 1400 Postumum
526 1345 686 1413 conscriptis
713 1351 739 1400 et
761 1361 812 1413 per
838 1351 1018 1414 catascopum
1046 1348 1136 1403 missis

114 1416 315 1489 (imperarit),
336 1423 369 1471 ut
390 1417 449 1471 sine
472 1433 549 1471 mora
571 1433 604 1470 ac
625 1417 706 1470 nulla
728 1416 901 1471 excusatione
923 1417 1025 1472 llicmis
1044 1425 1134 1474 vento

112 1504 225 1557 rumque
248 1505 330 1557 quam
353 1489 487 1543 celerrime
510 1489 642 1542 eaerulus
659 1488 713 1542 seli
730 1493 980 1556 transportaretur:
1003 1488 1136 1557 African

112 1559 283 1626 provinciam
297 1560 389 1627 perire
406 1559 586 1628 smiditusquc
601 1559 683 1614 eocrti
701 1559 736 1613 ab
754 1559 812 1614 suis
830 1558 952 1613 inimicis
956 1578 969 1625 ;
988 1562 1067 1628 cuod
1080 1561 1135 1615 nisi

114 1630 232 1684 celeriter
254 1630 335 1684 sociis
356 1631 428 1696 foret
448 1630 621 1695 subventum,
635 1635 746 1698 praeter
767 1631 857 1698 ipsam
880 1629 1013 1696 Africam
1032 1638 1135 1688 umam

113 1701 198 1766 ntnil,
219 1717 254 1753 ne
276 1706 373 1755 tectum
395 1701 516 1769 quidem
539 1716 592 1769 quo
613 1716 641 1756 sc
662 1702 823 1770 reciperent,
845 1700 881 1754 ab
899 1701 1016 1757 illorum
1039 1705 1136 1760 scelere

114 1771 278 1840 insidiisque
294 1771 431 1840 roliqmrm
447 1771 581 1838 futurum.
610 1779 621 1801 ⁸

468 1948 527 2003 AD
546 1948 765 2004 GAETULOS.

184 2054 255 2110 Bell.
270 2054 334 2121 Asr.
349 2058 395 2122 32,
409 2058 435 2108 4.
470 2054 592 2125 Quorum
614 2073 648 2111 cce
669 2072 783 2111 numero
800 2056 890 2111 electis
907 2057 1073 2114 hominibus
1090 2061 1134 2114 in·

114 2126 288 2181 lustrioribus
306 2126 471 2198 [Gaetulos]
489 2134 514 2182 et
532 2128 630 2182 litteris
647 2128 685 2181 ad
702 2144 766 2182 suos
784 2128 853 2182 cives
870 2127 946 2182 datis
963 2131 1135 2198 cohortatus,

113 2198 156 2252 uti
178 2215 263 2251 manu
289 2198 367 2265 facta
388 2215 416 2253 sc
437 2215 552 2267 suosque
578 2199 765 2267 defenderent,
786 2215 821 2253 nc
842 2199 901 2253 suis
928 2199 1057 2258 inimicis
1084 2203 1134 2257 ad·

113 2269 293 2338 versariisque
311 2270 383 2324 dicto
401 2270 542 2326 audientes
560 2275 654 2336 essent,
671 2271 762 2324 mittit.
790 2270 824 2338 cf.
844 2272 930 2337 55,1.

396 2428 619 2484 INOERTUM
634 2429 692 2483 AD
715 2428 840 2498 QUEM.

185 2534 239 2590 Cic.
255 2536 293 2590 ad
307 2535 387 2589 Fam.
402 2536 459 2602 IX,
474 2540 535 2603 o,1
555 2535 611 2605 (M.
632 2537 757 2591 Terentio
780 2537 914 2604 Varroni,
936 2554 1022 2593 meros.
1042 2539 1133 2608 Irni).

115 2605 183 2660 Cum
201 2607 247 2660 ille
264 2607 422 2675 scripsisset,
440 2613 472 2662 ut
489 2607 596 2676 opinor,
613 2624 640 2663 se
658 2608 690 2661 im
703 2609 828 2663 Alsiense
840 2614 996 2676 uenturum,
1015 2612 1135 2681 scripse

113 2683 180 2733 rrmt
198 2678 236 2731 ad
253 2694 313 2732 eum
330 2678 385 2745 sui,
402 2695 436 2732 ne
453 2679 484 2732 id
501 2680 609 2745 faceret.

321 2835 380 2890 AD
400 2838 431 2891 Τ.
451 2837 706 2893 POMPONIUM
720 2837 914 2893 ATTIOUM.

186 2943 240 2997 Oic.
260 2943 297 2998 ad
315 2943 372 2997 Att.
392 2944 471 3011 XII,
490 2948 552 3011 o‚4
577 2948 676 3013 (merisc
698 2945 791 3000 intere.
806 2948 900 3014 post).
939 2945 1045 3002 Cacsar
1062 2948 1132 3003 mat

114 3013 228 3069 irridere
246 3015 321 3068 alsus
339 3020 377 3068 est
394 3020 529 3083 „quaeso“
546 3016 618 3071 illud
634 3023 720 3083 tuum,
738 3017 811 3086 quod
828 3022 888 3071 crat
905 3015 1019 3081 εὔπινὲς
1037 3025 1063 3074 et
1081 3036 1130 3075 ur-

115 3084 231 3151 banam·
249 3085 290 3138 ita
304 3100 388 3153 porro
407 3092 432 3139 te
449 3085 507 3140 sine
521 3104 589 3141 cura
606 3104 660 3143 esse
677 3088 768 3154 iussit,
785 3093 817 3143 ut
834 3087 902 3141 milti
919 3090 1031 3157 qudem
1049 3090 1132 3144 dubi-

114 3156 242 3280 ἰὲιτῗηῧνη
264 3171 376 3280 omnen}
390 3155 498 3211 tolleret.
533 3157 575 3224 Of.
594 3157 728 3226 Schmidt,
750 3159 799 3213 dor
820 3158 1024 3229 Briefucclesel
1037 3163 1065 3218 d.
1086 3162 1130 3216 M.

139 3242 159 3278 u
182 3267 188 3279 .
225 3227 258 3281 ic.
273 3242 303 3294 p.
317 3230 357 3280 26
377 3268 383 3279 .

325 3385 384 3439 Ao
402 3386 487 3442 san.
496 3371 498 3374 ’
507 3388 736 3445 soaPJowsr
751 3367 910 3445 aaron.

188 3467 739 3555 oa.aa'1an.x111,19‚1(semr0).
774 3488 910 3555 aponum
928 3495 969 3562 en
989 3497 1016 3548 n
1039 3466 1136 3564 olm

115 3553 261 3624 (Lysonis)
280 3555 420 3624 splendore
438 3563 462 3611 et
480 3564 572 3613 nostro
584 3558 801 3628 reliquorumque
821 3560 957 3629 hospitum
975 3565 1133 3634 studiant
