2414 3968
132 180 195 244 126
426 178 573 235 BELLUM
591 177 841 235 HISPANIENSE.

94 344 109 392 7
127 324 200 409 Hic,
214 329 251 390 ut
264 326 310 389 ait
322 325 457 408 Ennius,
471 348 535 409 pes
552 325 645 408 pede
663 325 865 408 premitur,
880 326 1012 393 armis
1027 331 1158 393 terun-

129 429 192 489 tur
222 445 336 507 arma,
364 423 626 508 adversariosque
652 423 938 489 vehementissime
970 430 1159 513 pugnantes

128 521 232 587 nostri
255 542 348 606 agere
371 525 558 605 coeperunt;
581 520 699 606 quibus
721 520 878 605 oppidum
901 522 975 589 fuit
999 525 1157 591 subsidio.

94 619 181 685 elta
204 620 284 703 ipsis
305 618 508 683 Liberalibus
529 619 595 683 fusi
617 618 786 704 fugatique
808 639 875 682 non
901 622 1158 705 superfuissent,

129 718 192 782 nisi
216 718 249 781 in
272 738 345 781 eum
368 716 475 782 locum
498 716 729 801 confugissent,
751 738 790 779 cx
813 737 880 800 quo
903 723 1008 785 erant
1027 722 1161 808 egressi

94 813 168 879 sIn
192 836 256 898 quo
279 814 402 898 proelio
426 814 608 879 ceciderunt
630 813 721 878 milia
737 812 909 878 hominum
927 816 1073 884 circiter
1092 837 1156 883 m

130 918 163 978 et
185 913 214 977 si
238 911 315 996 quid
339 911 490 995 emplius,
512 917 677 995 practerea
698 910 871 995 Labienus,
892 908 1019 981 Attius
1045 914 1155 997 Varus,

130 1009 249 1094 quibus
286 1010 399 1074 occisis
436 1009 582 1094 utrisque
618 1009 716 1074 firnus
748 1012 798 1074 est
828 1008 974 1095 factum,
1014 1012 1154 1099 itemque

129 1108 255 1192 equites
282 1107 420 1172 Romani
447 1108 565 1189 partim
593 1130 632 1172 cx
661 1108 739 1172 urbe
765 1106 885 1190 partim
913 1128 960 1173 ex
986 1111 1153 1194 provincie

79 1221 113 1270 10
133 1204 173 1268 ad
209 1204 300 1268 milia
330 1223 377 1268 111.
428 1204 543 1270 Nostri
579 1205 750 1269 desiderati
782 1202 822 1266 ad
853 1202 1038 1273 hominum
1073 1208 1152 1275 mille

79 1320 111 1368 11
131 1304 251 1387 partim
274 1303 420 1387 equitum
442 1302 560 1386 partim
588 1302 747 1387 peditum3
773 1301 874 1366 saucii
897 1302 943 1366 ad
966 1302 1011 1369 D.
1037 1304 1151 1371 Adver-

130 1402 288 1466 sariorum
317 1399 443 1484 aquilae
471 1404 548 1464 sunt
574 1400 699 1465 ablatae
726 1416 790 1463 xm
813 1402 847 1463 et
868 1398 970 1484 signa
993 1406 1033 1467 et
1056 1404 1150 1469 fasces

137 1550 256 1562 ......
264 1524 272 1583 3
299 1502 624 1581 praeterea.......
667 1495 1052 1567 Hoshebuit.......

96 1616 109 1663 1
197 1594 332 1661 XXXII.
375 1645 516 1661 .......
547 1619 586 1661 ex
610 1595 689 1679 fuga
710 1594 778 1658 hac·
794 1594 850 1678 qui
873 1596 1043 1679 oppidum
1067 1598 1149 1665 Mun·

132 1694 205 1758 dam
242 1694 306 1758 sibi
337 1693 580 1758 constituissent
611 1692 819 1777 praesidium,
852 1694 1034 1781 nostrique
1069 1717 1147 1783 coge

96 1810 112 1857 2
131 1792 251 1855 bantur
268 1790 447 1855 necessario
466 1812 520 1855 eos
539 1790 786 1856 circumvallare.
815 1789 867 1855 Ex
886 1789 1045 1859 hostium
1060 1795 1148 1861 armis

130 1893 222 1953 scuta
247 1892 280 1953 et
301 1887 368 1971 pila
389 1910 448 1972 pro
472 1889 605 1972 cespite,
627 1911 686 1972 pro
710 1887 795 1953 vallo
822 1888 983 1955 cadavera
1008 1893 1148 1959 conloe

129 1987 262 2071 bantur3
294 1987 425 2070 insuper
456 1987 634 2050 occisorum
666 1987 700 2050 in
727 1985 909 2070 gladiorum
938 1991 1148 2057 mucronibus

130 2085 237 2169 capita
263 2083 431 2149 hominum
459 2084 605 2149 ordinata
632 2084 673 2147 ad
699 2083 853 2168 oppidum
876 2104 1058 2154 conversa:
1091 2088 1148 2155 uni·

130 2204 222 2247 versa
253 2181 397 2247 hostium
429 2182 578 2247 timorem
609 2231 750 2245 .......
780 2180 979 2265 vututisque
1013 2186 1149 2273 insignia

131 2280 296 2364 preposite
326 2280 473 2345 viderent
504 2284 537 2344 et
568 2278 653 2343 vallo
683 2277 1019 2347 circumcluderentur
1049 2284 1149 2349 adver·

95 2378 215 2443 sscrii.
261 2375 313 2441 Ita
336 2376 421 2442 Galli
444 2376 581 2463 tragulis
604 2375 780 2460 iaculisque
802 2375 974 2461 oppidum,
1005 2384 1095 2463 quod
1117 2402 1150 2446 cx

131 2474 275 2539 hostium
299 2475 505 2540 cadaveribus
529 2478 607 2539 sunt
629 2473 847 2559 circumplexi,
870 2496 1072 2563 oppugnare
1090 2499 1149 2545 eoo

96 2577 257 2656 4perunt.
293 2572 345 2635 Ex
367 2572 429 2637 hoc
447 2571 569 2655 proelio
588 2570 739 2637 Valerius
758 2571 945 2637 adulescens
965 2571 1150 2643 Corduben

133 2692 206 2734 cum
225 2670 336 2754 paucis
350 2669 513 2752 equitibus
527 2670 622 2755 fugit,
641 2668 713 2734 Sex.
727 2668 893 2754 Pompeio,
908 2670 966 2753 qui
981 2669 1150 2741 Gorduboe

98 2768 258 2851 sfuisset,
280 2788 348 2831 rem
372 2770 496 2851 gestam
519 2768 625 2832 refert.
665 2766 802 2852 Cognito
821 2766 883 2831 hoc
900 2771 1053 2857 negotio,
1077 2792 1150 2858 qnos

133 2865 258 2948 equites
290 2885 399 2928 secum
430 2863 558 2949 habuit,
590 2865 677 2948 quod
706 2864 859 2949 pecuniae
887 2886 1002 2931 secum
1032 2869 1151 2950 habuit,

134 2962 181 3026 e'is
209 2959 375 3025 distribuit
402 2964 435 3024 ct
462 2962 631 3045 oppidanis
659 2962 742 3027 dixit
772 2985 806 3027 se
834 2962 873 3026 dc
902 2984 983 3047 pace
1015 2969 1060 3033 ad
1084 2967 1150 3033 (lae-

134 3080 238 3123 sercm
261 3057 421 3142 proficisci
444 3063 477 3123 et
501 3060 640 3124 secunda
657 3059 770 3144 vigilia
793 3058 833 3122 ab
853 3059 972 3143 oppido
995 3063 1152 3131 discessit

99 3176 115 3223 o
135 3156 191 3222 Gn.
209 3156 382 3241 Pompeius
405 3180 478 3223 cum
501 3158 664 3243 equitibus
686 3156 798 3241 paucis
816 3156 1055 3245 nonnullisque
1074 3160 1153 3249 pedi·

135 3257 224 3320 tibus
253 3255 293 3319 ed
319 3256 430 3321 navale
461 3255 656 3339 praesidium
682 3255 860 3339 parandum
888 3252 1060 3326 Carteiam
1089 3284 1153 3328 con·

136 3354 250 3436 tendit,
273 3354 359 3437 quod
382 3353 535 3437 oppidum
559 3353 650 3417 abest
674 3351 860 3417 aCorduba
881 3351 975 3418 milia
999 3378 1153 3442 passuum

104 3466 240 3515 tchx.
299 3450 369 3527 Quo
411 3472 484 3515 cum
525 3451 566 3514 ed
602 3453 750 3515 octavum
789 3449 965 3515 miliarium
1005 3458 1155 3537 venisset

138 3546 174 3612 P.
208 3546 382 3631 concilius,
419 3549 474 3631 qui
512 3548 625 3612 castris
657 3552 751 3612 antea
782 3547 917 3633 Pompei
947 3557 1155 3641 praepositus
