2414 3968
322 299 324 303 y
390 215 468 270 CAP.
487 215 734 272 XXIIII-XXVII.
1028 218 1071 282 63

60 363 191 443 tateque
228 381 476 424 commemorare
514 366 695 444 coeperunt.
751 359 895 438 Quorum
931 361 1109 427 lacrimisa

62 457 264 540 querelisque
288 455 405 520 Caesar
427 461 616 541 commotus,
640 480 713 522 oum
736 462 830 523 antea
853 458 1074 524 constituisset

61 575 78 617 e
101 553 229 617 stativis
257 553 370 617 castris
399 557 519 618 aestate
547 553 629 618 inita
655 556 780 619 cunctis
804 555 904 639 copiis
932 555 1074 620 auxiliis-

61 671 123 733 que
147 650 258 714 accitis
280 650 402 714 bellum
426 672 498 715 cum
522 652 590 715 suis
614 651 805 716 adversariis
829 672 954 737 gerere,
977 653 1074 717 bieme

57 768 162 830 perere
184 746 328 812 instituit
349 747 531 831 litterisque
556 747 702 813 celeriter
724 748 759 812 in
781 746 925 813 Siciliam
948 748 988 813 ad
1005 747 1074 813 Ali-

61 866 157 908 enum
184 849 217 908 et
243 843 412 908 Rabirium
439 842 632 909 Postumum
660 846 851 929 conscriptis
879 849 912 910 et
939 867 998 929 per
1024 867 1073 910 ca·

60 945 228 1024 tascopum
241 941 349 1005 missis
363 942 537 1024 tepeant,
551 945 590 1005 ut
605 941 673 1006 sine
687 964 778 1006 mora
792 964 829 1007 ac
841 941 932 1007 nulla
945 964 1072 1007 excusa

60 1039 148 1102 tione
165 1037 281 1102 hiemis
294 1041 529 1122 ventorumque
544 1060 643 1122 quam
657 1037 822 1103 celerrime
835 1039 993 1104 exercitus
1010 1038 1073 1103 sibi

59 1137 345 1217 transportaretur:
366 1132 511 1199 Africam
529 1135 730 1218 provinciam
747 1134 851 1218 perire
864 1135 1073 1219 funditusque

60 1231 161 1297 everti
185 1231 225 1296 ab
244 1231 312 1297 suis
335 1231 491 1316 inimicis3
515 1231 601 1316 quod
624 1231 688 1296 nisi
711 1231 857 1296 celeriter
874 1232 970 1297 sociis
988 1231 1073 1296 foret

60 1330 267 1413 subventum,
296 1333 424 1413 praeter
453 1329 556 1412 ipsam
584 1326 729 1392 Africam
758 1331 877 1391 terram
905 1328 1002 1412 nihil,
1030 1351 1071 1393 ne

59 1431 181 1492 tectum
205 1426 348 1511 quidem,
372 1447 435 1511 quo
459 1447 493 1491 se
516 1426 708 1509 reciperent,
739 1425 778 1488 ab
802 1424 932 1489 illorum
955 1425 1072 1492 scelere

60 1525 249 1608 insidiisque
281 1523 442 1607 reliquum
473 1522 629 1587 futurum.
675 1520 783 1606 Atque
815 1522 950 1606 ipsein
982 1526 1109 1589 tantae

60 1627 129 1686 erat
146 1621 352 1686 festinatione
371 1624 403 1685 et
421 1620 668 1703 exspectatione,
683 1624 726 1683 ut
744 1624 873 1703 postero
892 1620 952 1704 die,
975 1640 1071 1703 quam

59 1720 201 1784 misisset
218 1717 345 1783 litteras
363 1717 577 1800 nuntiumque
600 1716 634 1781 in
654 1714 807 1800 Siciliam,
830 1716 964 1781 classem
985 1741 1070 1782 exer-

60 1817 223 1899 citumque
250 1814 370 1879 morari
398 1814 532 1897 diceret,
561 1812 628 1878 dies
655 1817 830 1896 noctesque
853 1813 962 1879 oculos
984 1837 1071 1880 men-

59 1917 189 1995 temque
212 1910 252 1974 ad
273 1932 361 1974 mare
389 1910 563 1993 dispositos
587 1909 794 1994 derectosque
816 1909 957 1974 haberet.
1001 1909 1107 1977 Nece

59 2009 191 2073 mirum:
218 2007 361 2070 animum
389 2004 575 2070 advertebat
602 2006 688 2070 enim
718 2006 813 2071 villas
842 2007 946 2092 exuri,
976 2029 1070 2092 agros

59 2104 189 2187 vastari,
211 2123 310 2187 pecus
329 2100 435 2185 diripi,
457 2100 621 2185 trucidari,
639 2103 757 2186 oppida
775 2103 968 2188 castellaque
987 2105 1071 2169 dirui

59 2200 236 2284 deserique,
259 2197 422 2281 principes
440 2196 609 2261 civitatum
628 2203 683 2262 aut
702 2200 840 2263 interfici
858 2203 914 2263 aut
936 2200 971 2263 in
990 2204 1070 2265 cate·

59 2299 111 2363 nis
126 2296 237 2380 teneri,
259 2295 380 2359 liberos
395 2314 505 2358 eorum
521 2293 670 2358 obsidum
687 2295 817 2360 nomine
835 2296 870 2360 in
883 2296 1071 2360 servitutem

60 2395 178 2480 abripi3
210 2392 262 2456 his
296 2414 330 2457 se
356 2390 484 2456 miseris
513 2411 667 2474 suamque
694 2391 791 2455 fidem
822 2391 1070 2474 implorantibus

60 2491 180 2557 auxilio
208 2493 342 2574 propter
369 2488 533 2574 copiarum
560 2485 756 2569 paucitatem
783 2508 941 2551 essenon
967 2509 1070 2570 posse.

59 2588 181 2653 Milites
204 2586 334 2651 interim
358 2585 505 2668 inopere
524 2605 670 2648 exercerc
693 2588 789 2668 atque
809 2587 914 2648 castra
935 2584 1070 2669 munire,
1089 2602 1106 2649 s

60 2692 178 2768 turres,
210 2682 340 2748 castella
371 2683 476 2746 facere
505 2681 670 2766 molesque
702 2681 802 2746 iacere
829 2681 864 2745 in
890 2702 978 2744 mare
1004 2702 1069 2745 non

59 2782 280 2848 intermittere.
1173 2769 1175 2774 ¹

125 2876 260 2944 XXVH.
298 2875 405 2960 Scipio
429 2876 559 2941 interim
582 2874 770 2961 elephantos
792 2875 854 2940 hoc
877 2875 972 2939 modo
996 2893 1102 2940 con-1

60 2977 242 3041 dooefaoere
264 2973 415 3038 instituit.
460 2972 550 3038 Duas
573 2972 728 3037 instruxit
752 2971 849 3053 acies,
879 2991 976 3034 unam
998 2970 1068 3035 fun-

60 3075 201 3138 ditorum
228 3074 340 3136 contra
362 3068 563 3154 elephantos,
594 3089 674 3154 quae
698 3069 790 3153 quasi
814 3068 1068 3133 adversariorum

58 3171 166 3237 locum
196 3170 355 3234 obtineret
385 3172 417 3232 et
447 3171 558 3232 contra
587 3189 698 3232 eorum
729 3167 871 3231 frontem
903 3166 1068 3230 adversam

58 3266 187 3351 lapillos
209 3267 352 3330 minutos
375 3265 532 3350 mitteret3
555 3263 669 3328 deinde
692 3263 726 3327 in
752 3263 896 3328 ordinem
919 3261 1067 3347 elephan-

58 3369 110 3430 tos
133 3363 315 3447 oonstituit,
341 3366 416 3446 post
438 3361 512 3425 illos
536 3364 643 3425 autem
667 3383 758 3424 suam
781 3361 881 3425 aciem
904 3359 1068 3443 instruxit,

57 3466 103 3545 ut,
127 3483 200 3525 cum
223 3460 263 3523 ab
287 3458 477 3524 adversariis
499 3457 622 3541 lapides
644 3458 731 3521 mitti
755 3458 934 3541 coepissent
956 3459 989 3520 et
1007 3455 1067 3520 ele-

56 3557 171 3643 phanti
198 3557 360 3641 perterriti
388 3578 422 3620 se
450 3555 490 3619 ad
517 3576 593 3619 suos
617 3555 861 3638 convertissent,
891 3574 1003 3617 rursus
1026 3551 1067 3616 ab
