2414 3968
402 204 404 208 ⁸
448 198 525 254 cnr.
544 199 744 256 nnn-xxv.
1041 202 1104 268 121

88 346 263 430 Pompeius
301 367 374 410 cum
411 344 697 430 animadverteret,
738 346 871 411 castello
907 369 942 412 se
979 347 1105 413 excludi

88 442 246 529 Aspavia,
275 443 361 527 quod
388 445 438 507 est
465 441 505 506 ab
533 440 640 508 Ucubi
669 443 760 508 milia
785 466 940 529 passuum
967 464 1000 530 v,
1026 446 1105 512 haec

88 565 139 608 res
154 621 156 624 Α
172 540 351 607 necessario
380 538 569 622 devocabat,
600 543 638 604 ut
665 540 705 604 ad
734 541 950 606 dimicandum
978 542 1104 608 descen·

89 641 193 725 deret,
217 661 320 723 neque
339 642 447 703 tamen
465 659 568 722 aequo
585 637 657 702 loco
677 639 728 703 sui
746 643 940 723 potestatem
958 640 1104 725 faciebat,

88 739 145 804 sed
169 762 208 803 ex
231 759 346 823 grumo
441 735 602 800 excelsum
622 736 784 801 tumulum
803 738 980 822 capiebant,
1002 760 1104 823 usque

88 858 137 921 eo,
156 840 193 901 ut
211 835 390 900 necessario
409 838 577 919 cogeretur
594 834 741 918 iniquum
760 834 867 899 locum
886 836 1002 901 subire.
1033 835 1103 913 Quo
1122 853 1138 901 3

87 934 129 998 de
151 933 238 998 facto
262 954 335 998 cum
355 936 566 1016 utrorumque
585 933 696 1016 copiae
715 932 876 997 tumulum
896 933 1104 1001 excellentem

88 1032 260 1117 petissent,
295 1030 453 1116 prohibiti
490 1052 509 1094 a
545 1030 665 1095 nostris
702 1034 778 1095 sunt
814 1031 927 1096 deiecti
961 1031 1102 1117 planitie

89 1129 178 1206 Quae
201 1153 252 1194 res
276 1129 457 1196 secundum
473 1127 594 1192 nostris
617 1128 777 1193 efficiebat
800 1128 967 1213 proelium.
1003 1128 1138 1194 Uadi-4

87 1249 151 1312 que
175 1227 362 1293 cedentibus
386 1225 577 1291 adversariis
600 1249 665 1290 non
688 1249 802 1310 parum
820 1248 939 1312 magna
955 1227 990 1291 in
1008 1228 1102 1292 caede

86 1326 308 1391 versabantur.
364 1323 489 1401 Quibus
526 1346 618 1388 mons
655 1323 765 1409 saluti,
802 1346 868 1388 non
903 1325 1007 1391 virtus
1039 1325 1137 1390 fuito

86 1424 243 1508 subsidio,
266 1426 316 1508 ut,
344 1422 409 1486 nisi
432 1421 686 1505 advesperasset,
714 1444 733 1485 a
755 1422 960 1506 paucioribus
983 1423 1103 1488 nostris

87 1521 177 1586 omni
205 1521 326 1586 auxilio
355 1519 474 1604 privati
501 1523 617 1585 essent.
662 1517 748 1585 Nam
772 1518 955 1584 ceciderunt
977 1543 1017 1585 ex
1030 1520 1138 1585 'levio

84 1624 250 1684 armatura
274 1635 455 1701 cccxxlm,
483 1639 523 1681 ex
550 1617 738 1702 legionariis
767 1634 940 1702 cxxxvm,
965 1621 1102 1701 praeter·
1131 1654 1133 1658 ·

87 1739 185 1802 quam
211 1738 349 1800 quorum
373 1737 462 1780 arma
485 1719 518 1779 et
540 1714 644 1800 spolia
667 1719 743 1781 sunt
766 1714 881 1778 ablata.
926 1712 1102 1799 Itapndie

85 1815 225 1879 duorum
265 1814 490 1879 centurionum
536 1813 706 1879 internicio
746 1813 807 1878 hac
848 1813 1102 1881 adversariorum

85 1932 192 1996 poena
215 1915 265 1975 est
287 1911 389 1975 litata.
938 1936 941 1942 ’
1043 1940 1045 1946 ’

154 2006 256 2072 XXV.
301 2006 489 2118 Insequenti
520 2009 571 2072 die
603 2009 674 2093 pari
703 2009 933 2074 consuetudine
960 2031 1042 2074 oum
1056 2010 1135 2074 1111

86 2105 224 2171 eundem
251 2105 359 2170 locum
387 2106 456 2169 eius
478 2106 674 2189 praesidium
697 2106 851 2190 venisset,
878 2091 1019 2201 pristino
1040 2107 1101 2172 illo

84 2224 145 2268 suo
166 2202 368 2267 utebantur
360 2223 410 2266 1ns
411 2201 525 2267 tituto:
547 2224 622 2267 nam
640 2208 768 2287 praeter
786 2203 876 2288 equit
877 2225 911 2268 11
862 2203 1012 2268 tnulli
1030 2203 1101 2269 loco

85 2322 188 2384 aequo
217 2323 250 2365 11
278 2300 479 2364 committere
502 2299 670 2365 audebant.
717 2298 797 2364 Cum
821 2300 925 2365 nostri
947 2301 981 2364 in
1006 2323 1100 2384 opere
1120 2317 1135 2364 2

83 2399 210 2478 distenti
232 2401 349 2482 essent,
372 2397 517 2480 equitum
540 2399 650 2482 copiae
673 2419 847 2463 concursus
868 2397 973 2462 facere
991 2419 1101 2482 coepe-

83 2499 175 2580 runt,
202 2495 363 2580 simulque
390 2494 641 2560 vociferantibus
668 2495 869 2580 legionariis,
898 2516 971 2560 cum
993 2496 1101 2560 locum

83 2593 312 2681 efflagitarent,
334 2596 372 2658 ut
394 2593 539 2658 consueti
561 2593 688 2678 insequi
712 2632 754 2640 -
778 2592 966 2684 existimare
988 2597 1100 2677 posses

82 2692 307 2779 paratissimos
330 2714 400 2756 esse
423 2691 464 2755 ad
487 2691 704 2756 dimicandum
729 2729 770 2738 -
794 2691 898 2755 nostri
921 2713 961 2756 ex
983 2690 1101 2757 humili

83 2788 228 2853 convalle
246 2788 327 2853 bene
345 2787 442 2872 longe
460 2792 537 2852 sunt
554 2790 676 2874 egressi
695 2794 727 2855 et
745 2789 880 2873 planitie
899 2787 934 2853 in
948 2790 1100 2872 aequiore

83 2886 158 2951 loco
188 2887 410 2952 constiterunt.
459 2884 514 2950 Illi
544 2891 653 2952 tamen
684 2886 798 2971 procul
830 2885 927 2950 dubio
957 2885 998 2949 ad
1025 2903 1132 2950 con-3

85 2984 295 3069 gredicndum
313 2985 347 3048 in
366 3006 504 3068 aequum
521 2984 629 3049 locum
647 3007 712 3049 non
731 2988 807 3050 sunt
825 2983 895 3048 ausi
909 2983 1098 3048 descendere

83 3084 212 3165 praeter
238 3103 339 3146 unum
362 3080 542 3146 Antistium
570 3080 779 3166 Turpionem,
812 3080 867 3164 qui
894 3079 997 3145 fidens
1024 3081 1098 3145 viri·

83 3177 147 3243 bus
179 3201 219 3243 ex
247 3180 436 3243 adversariis
464 3178 528 3243 sibi
554 3201 664 3263 parem
693 3201 762 3243 esse
788 3177 949 3242 neminem
976 3179 1099 3264 agitare

84 3275 201 3360 coepit.
250 3275 400 3361 Hic,ut
386 3277 539 3342 tfertur
573 3275 712 3341 Achillis
743 3275 989 3360 Memnonisque
1026 3298 1098 3341 oon·
1117 3293 1134 3340 4

85 3394 230 3484 gressus,
253 3372 289 3449 Q.
312 3372 484 3458 Pompeius
506 3373 619 3461 Niger,
643 3396 741 3458 eques
764 3373 929 3439 Romanus
951 3372 1098 3439 Italicen-

84 3471 145 3555 sis,
173 3492 213 3535 ex
241 3471 308 3535 acie
335 3475 446 3535 nostra
472 3472 512 3536 ad
534 3471 804 3557 congrediendum
827 3491 1017 3557 progressus
1040 3474 1097 3536 111.

82 3567 244 3645 Quoniam
262 3567 413 3633 ferocitas
422 3567 568 3651 Antistii,
585 3569 697 3634 laudis,
709 3569 852 3653 insignia
869 3573 1097 3653 scutorumque
1117 3583 1133 3632 5

139 3680 163 3722 c.
178 3681 285 3723 11111111
300 3680 426 3724 caussa.
450 3683 494 3724 111.
975 3679 991 3727 9
