2414 3968
204 191 264 246 VH.
291 191 407 247 LEGES
426 191 782 248 SENATUSCONSULTA
801 192 978 250 DEORETA.
1039 195 1103 260 175

155 336 242 392 Senot.
263 335 332 390 Bab.
352 336 390 390 ad
406 337 432 390 n.
453 336 470 390 i.
490 354 519 405 p.
540 339 592 390 321
615 334 659 390 Or.
697 336 756 402 Eo,
780 337 885 406 inanit,
903 354 978 392 anno
997 338 1103 395 ditatns

81 418 134 476 est,
162 424 214 478 qno
242 408 285 462 λιν
312 409 345 462 de
368 408 496 476 pemniis
522 408 679 476 repetundis
703 408 761 462 iata
787 415 825 463 est
852 409 887 462 ab
914 409 974 477 ipso
1002 410 1103 467 seilicet

87 483 208 537 Caesare.

156 552 210 607 Oia.
231 569 260 620 p.
280 549 345 605 Sest.
365 553 427 604 135.
464 550 596 605 Etiamne
628 551 699 616 eins,
732 567 809 619 anem
836 567 888 606 sna
917 552 971 622 leae
999 560 1024 608 et
1051 570 1102 609 sne

84 624 212 691 beneficia
230 628 367 688 ornatam,
386 622 522 676 mnnitnm
540 629 677 676 armatam
695 623 761 676 salet
778 623 904 692 alariari,
922 623 950 677 0.
968 623 1103 693 Caesaris,

86 697 169 766 ieyem
192 696 224 750 de
242 694 370 763 pedaniis
392 693 548 762 repetundis
570 709 628 746 nan
646 699 730 762 putat
752 710 806 748 esse
825 693 927 764 marm?
963 696 1004 751 Et
1022 698 1104 752 aimnt

85 768 156 822 aiios
174 783 237 832 eree,
256 766 304 835 qni
323 770 385 819 aeta
400 764 526 819 Caesarie
543 765 709 830 rescindant,
728 781 789 819 enm
807 765 873 819 iraee
891 772 1003 834 optnma
1022 768 1066 823 dea
1079 775 1104 824 et

83 840 119 892 ab
138 839 186 893 iiio
204 853 293 892 eaeera
312 837 370 891 eins
388 842 413 891 et
431 836 465 889 ab
483 837 532 890 hae
551 835 679 890 adseenia
697 836 871 906 neyleyatnr!

159 909 213 963 Oia.
233 909 265 963 de
279 923 357 977 pron.
377 907 479 962 conani.
498 911 522 960 7.
560 907 664 961 Emisti
681 908 785 976 arandi
799 909 932 975 pedania,
951 915 983 963 nt
1000 910 1052 964 tibi
1070 910 1102 965 de

80 981 209 1050 pedaniis
231 980 341 1035 creditis
363 978 408 1033 ine
430 978 462 1031 in
485 978 582 1032 liberos
596 978 714 1046 pannias
733 985 829 1033 eontra
846 985 957 1034 senatus
976 982 1103 1037 canentia

83 1058 109 1106 et
126 1058 222 1106 eontra
242 1051 323 1121 linem
340 1050 433 1119 generi
451 1050 494 1104 tni
511 1049 599 1104 dicere
620 1050 716 1104 liceret.

188 1229 278 1283 LEX
294 1228 356 1282 DE
372 1225 490 1282 ACTIS
507 1225 672 1281 POMPEI
687 1225 1006 1284 CONFIRMANDIS

365 1317 391 1354 a.
410 1316 437 1353 n.
458 1316 478 1353 e.
499 1297 735 1353 DGLXXXXV
752 1301 821 1366 (59).

155 1398 214 1452 Dio
234 1396 307 1453 Oase.
328 1396 510 1462 XXXVIII,
531 1400 556 1462 7,
575 1400 600 1450 5.
637 1394 679 1449 Τὰ
697 1392 863 1465 πραχθέντα
881 1397 937 1452 ὑπὸ
956 1407 1006 1452 τοῦ
1024 1402 1101 1469 Πομ-

84 1467 170 1538 πηίον
189 1467 282 1524 πάντα
301 1468 369 1537 μήτε
387 1475 437 1522 τοῦ
451 1467 629 1522 Λουκούλλον
648 1465 710 1535 μήτ’
724 1466 808 1522 ἄλλον
826 1468 904 1531 τινὸς
921 1469 1104 1535 ἀντιστάντος

84 1540 97 1594 ἐ
172 1538 179 1560 ’
253 1584 258 1594 .

98 1543 321 1700 &siniandi
343 1628 519 1694 0in11,13.
559 1625 675 1696 Νόμους
698 1625 724 1681 δ’
747 1625 878 1697 ἐσέφερεν
903 1629 1102 1701 ἐκθεραπεύων

83 1701 114 1754 τὸ
133 1704 244 1771 πλῆθος
262 1699 372 1770 ἑτέρους
390 1701 439 1754 καὶ
457 1699 492 1753 τὰ
502 1697 638 1773 Πομπηίῳ
657 1697 840 1769 πεπραγμένα
860 1698 974 1757 ἅπαντα
989 1703 1100 1774 ἐκύρου.

159 1790 225 1844 Veii.
245 1791 288 1856 II,
306 1794 351 1856 44,
369 1793 395 1844 2.

86 1966 175 2021 LEX
200 1967 262 2021 DE
287 1965 512 2021 SOOIETATE
540 1968 628 2022 CUM
652 1967 906 2025 PTOLEMAEO
933 1971 1105 2026 AULETE

181 2037 298 2092 REGE
314 2037 529 2092 FACIENDA
549 2056 574 2092 a.
593 2057 621 2092 ιι.
641 2056 662 2093 e.
682 2039 919 2096 DCLXXXXV
935 2045 1004 2111 (59).

158 2136 230 2191 Caes.
246 2135 474 2202 B.0.111,107.
506 2135 651 2204 Superiora
670 2138 815 2191 eonsniatn
832 2155 894 2192 enm
908 2145 989 2207 patre
1008 2140 1101 2195 Ptolo-

88 2223 165 2262 maeo
184 2214 209 2262 et
227 2208 282 2277 ieqe
300 2214 324 2261 et
341 2208 573 2262 senainseonsnlto
591 2208 705 2262 societas
722 2215 781 2262 erat
798 2209 883 2274 faeta.

159 2296 212 2351 Gie.
228 2312 257 2365 ρ,
277 2296 349 2351 Rae.
368 2296 442 2351 Post.
463 2301 495 2363 6;
521 2298 559 2350 ad
576 2297 633 2351 Att.
652 2297 696 2362 ΙΙ,
715 2301 760 2362 16,
773 2299 799 2351 2.

157 2384 229 2441 διον.
249 2385 323 2440 Caes.
339 2389 382 2440 54.
411 2384 556 2440 Societates
575 2402 608 2439 ae
625 2403 711 2456 reqna
725 2387 815 2455 pretio
834 2387 917 2452 dedit,
935 2393 968 2442 nt
985 2389 1034 2457 qni
1051 2390 1104 2442 nni

85 2457 239 2584 {tetiam
263 2473 349 2526 prope
376 2473 424 2511 eea
446 2457 525 2511 milia
548 2457 711 2512 talentorum
733 2473 784 2512 sno
807 2458 971 2527 Pompeiane
994 2461 1103 2514 nomine

85 2546 104 2583 a
145 2546 165 2582 n
229 2570 235 2582 .

155 2618 214 2672 Dio
235 2616 308 2672 Cass.
329 2617 478 2684 XXXIX,
497 2621 542 2683 12,
560 2623 584 2672 1.

86 2796 176 2850 LEX
187 2796 249 2850 DE
260 2795 302 2850 01
303 2795 456 2850 VITATE
467 2773 941 2937 GALngggllsiffijS'PAEANIS
947 2796 1103 2873 DANDA.

433 2885 457 2921 a.
478 2884 505 2921 n.
525 2885 546 2921 ο.
754 2909 758 2921 .

157 2964 215 3019 Dio
235 2964 308 3020 Cass.
329 2965 412 3031 XLI,
431 2968 475 3032 36,
495 2968 520 3018 3.
562 2968 628 3027 Τοῖς
647 2964 787 3027 Γαλάταις
804 2973 863 3026 τοῖς
881 2964 959 3027 ἐντὸς
977 2973 1032 3019 τῶν
1045 2961 1102 3019 ”At-

86 3034 326 3161 Ξὶῗὲνὺἒὲὲὃὲἶνὲ
343 3034 498 3104 Ἠριδανὸν
522 3035 630 3090 οἰκοῦσι
648 3036 700 3106 τὴν
718 3032 862 3113 πολιτείαν
881 3035 929 3090 ἅτε
947 3037 996 3090 καὶ
1015 3036 1102 3104 ἄρξας

198 3249 292 3319 'Lex
307 3267 368 3321 DE
386 3266 582 3321 οινινινν
601 3265 828 3321 enarraris
844 3266 991 3322 aenan

430 3357 456 3393 a.
475 3357 502 3393 ιι.
522 3356 544 3394 e.
564 3339 671 3393 DGGV
688 3342 757 3406 (49).

158 3434 215 3488 Dio
235 3433 309 3488 Οοεε.
330 3435 524 3503 XLJ,24,1.
563 3437 727 3503 Γαδειρεῦσι
746 3433 890 3490 πολιτείαν
908 3435 1014 3492 ἅπασιν
1033 3436 1102 3490 ita-

86 3524 143 3574 κεν,
163 3503 199 3573 ἣν
218 3506 267 3559 nai
286 3505 300 3560 ὁ
320 3504 407 3576 δῆμός
426 3524 521 3576 σφισιν
540 3505 656 3574 ὕστερον
675 3506 837 3574 ἐπεκύρωσε.

157 3594 219 3649 Lin.
240 3594 317 3663 Epir.
339 3595 398 3649 CX.
437 3595 588 3651 Gaditanis
606 3597 742 3651 civitatem
760 3597 841 3650 dedit.
