2414 3968
438 214 510 268 VIII.
533 214 741 269 EPISTULAE.
1033 214 1098 278 205

83 349 139 425 Μ.
157 356 291 411 Fufitium
306 359 352 427 (t),
380 373 464 424 quem
490 356 560 410 mihi
587 357 779 426 commendas
802 356 846 410 vel
868 372 919 426 reg
920 372 965 409 em
987 354 1097 410 Galliae
1111 368 1157 397 Μ
1142 368 1194 396 Μ

82 402 196 498 'faciam
214 428 259 482 vel
276 428 352 481 hunc
366 428 473 498 Leptae
488 426 596 499 dcleg,a
616 428 640 481 si
653 427 703 482 vis.
729 428 772 481 Tu
791 428 828 481 ad
841 443 886 481 me
900 375 988 480 alium
1005 427 1096 496 mitte,
1123 409 1182 514 1415450

82 516 167 568 quem
189 503 310 554 omomf‘
331 529 363 538 -
382 500 455 554 Ibid
469 499 533 571 §3
551 447 606 555 gDe
625 517 677 570 pua
700 500 751 555 tili
768 500 875 554 lamine
896 501 962 553 haec
976 471 1098 583 spondeo

81 571 473 638 uonillooetereoerbameo,
492 571 643 639 quodcum
660 572 698 625 ad
716 571 909 626 tedeMilone
927 571 1100 641 scripsissem,

82 645 144 698 iure
166 643 256 697 lusisti
245 660 263 696 Μ.

155 712 210 769 Cic.
226 714 264 767 ad
284 712 334 782 Qu.
348 714 385 779 fr.
399 714 443 780 ΙΙ,
457 716 493 767 13
508 717 602 781 (15Μ),
616 719 640 767 1,
660 713 695 767 Α.
710 714 737 767 d.
752 714 801 768 IV
812 713 887 768 Non.
901 713 977 780 Iun,
991 730 1043 782 quo
1057 715 1102 768 die

84 786 205 842 Romam
218 786 288 851 ueni,
307 785 398 853 accepi
416 790 479 838 tuas
497 785 602 839 litteras
620 785 701 839 datas
719 786 872 851 Placentia,
891 785 987 838 deinde
1001 785 1102 840 alteras

80 857 217 928 postridie
235 857 315 911 datas
334 857 352 926 †
366 856 567 910 Blandenonne
580 872 641 909 cum
656 855 782 911 Caesaris
796 856 893 910 litteris
906 856 1014 922 refertis
1027 858 1103 910 muni

86 929 187 1011 oficio,
206 928 360 997 dilipentia,
378 928 521 982 suauitate
545 926 617 981 Srmt
634 927 689 982 ista
707 927 814 997 quidem
832 944 935 998 mapna
952 927 994 981 oel
1008 928 1103 996 patius

82 1000 224 1065 mauima;
246 999 345 1052 labent
362 998 435 1064 euim
456 999 512 1052 uim
529 1014 659 1068 mapuam
678 999 715 1052 ad
736 999 853 1080 ploriam
871 1004 896 1052 et
914 999 951 1052 ad
969 1015 1103 1053 summam

83 1071 261 1142 dipuitatem,·
279 1069 325 1124 sed
343 1070 411 1122 milri
428 1070 518 1135 mede,
537 1086 614 1137 quem
631 1071 717 1136 nosti,
736 1070 857 1152 quadiu
875 1070 936 1124 istis
956 1070 1036 1124 rebus
1054 1087 1102 1141 epo

80 1142 200 1212 plurimi
213 1147 271 1196 aest
271 1141 333 1206 imo,
346 1141 402 1194 id'
391 1157 448 1194 ΜΜΜ
461 1140 555 1206 liabeo,
568 1147 593 1195 te
606 1141 708 1195 scilicet
718 1142 841 1223 primum
850 1147 906 1195 tam
914 1142 1102 1196 inservientem

83 1213 220 1268 communi
237 1212 383 1296 dipuitati,
401 1212 500 1266 deinde
515 1182 642 1271 Odesaris
655 1217 715 1266 tant
715 1229 763 1265 um
776 1213 808 1266 iu
821 1229 862 1266 me
876 1227 1005 1279 ΜΜΜΜΜΜΜ,
1024 1230 1102 1281 quem

82 1285 243 1339 omuibus
231 1284 269 1337 eis
286 1283 447 1349 honoribus,
465 1298 532 1351 quos
554 1299 595 1336 me
613 1300 631 1336 a
649 1300 677 1338 se
695 1289 847 1365 euspectare
869 1284 940 1349 uult,
956 1289 1101 1366 antepono.

82 1356 206 1411 Litterae
231 1371 292 1409 uero
318 1355 377 1409 eius
401 1371 461 1408 una
485 1355 567 1408 datae
592 1370 653 1407 cum
679 1355 747 1421 tuis,
772 1371 890 1424 quarum
917 1355 1030 1408 initium
1055 1362 1103 1421 est,

83 1445 166 1496 quam
184 1426 279 1480 suauis
293 1426 318 1479 ei
336 1431 401 1480 tuus
414 1426 548 1480 aduentus
563 1425 658 1492 fuerit,
676 1432 701 1479 Μ
713 1426 865 1480 recordatio
879 1426 973 1480 ceteris
991 1427 1103 1492 amoris,

83 1499 182 1553 deinde
204 1514 231 1552 se
254 1498 424 1564 effecturum,
446 1502 478 1551 ut
500 1513 547 1566 epa
569 1496 602 1549 in
624 1497 711 1551 media
734 1497 825 1551 dolore
849 1513 882 1551 ac
904 1497 1037 1551 desideria
1060 1498 1103 1551 tui

82 1576 121 1636 te,
144 1585 205 1623 cum
223 1586 241 1622 a
259 1585 299 1623 me
319 1569 430 1634 abesses,
445 1568 618 1636 potissimum
634 1585 723 1622 secum
741 1585 795 1622 esse
813 1568 939 1633 laetarer,
956 1569 1102 1622 incredibi-

85 1642 147 1695 liter
171 1641 346 1694 delectarunt.
372 1643 391 1694 2
403 1681 479 1693 .....
507 1638 595 1692 Modo
619 1640 687 1693 milti
713 1640 776 1694 date
800 1639 997 1706 Britanniam,
1019 1656 1104 1708 quam

82 1713 198 1781 pinpam
216 1710 351 1765 coloribus
368 1711 438 1776 tuis,
452 1711 582 1792 penicillo
601 1728 665 1765 meo
703 1710 756 1765 Sed
774 1711 841 1779 quid
859 1709 926 1780 epo?
944 1681 1017 1780 qudd
1034 1711 1104 1765 milii

83 1788 174 1850 tempu
174 1798 201 1847 s,
220 1781 323 1835 Romae
345 1781 520 1863 praesertim,
542 1788 575 1836 Μ
591 1782 641 1836 iste
659 1799 700 1836 me
717 1789 809 1853 rapat,
831 1783 967 1848 manenti,
985 1799 1103 1836 uacuum

85 1851 299 1907 ostendum?
312 1855 376 1905 3.
398 1851 557 1906 Trebaeum
579 1853 651 1977 quad
674 1853 712 1907 ad
733 1870 761 1908 se
783 1853 915 1920 miserim,
934 1855 1055 1922 persalse
1078 1860 1104 1908 et

84 1923 241 1978 humaniter
263 1895 345 1976 etidm
368 1927 431 1992 pra
431 1939 475 1975 eas
492 1923 560 1975 milii
578 1924 651 1993 apit,
673 1931 755 1994 uepat
772 1925 844 1978 enim
862 1925 895 1977 iu
912 1930 991 1979 tanta
1009 1925 1102 1979 multi-

84 1995 181 2050 tudine
199 2010 299 2060 eorum,
319 1993 368 2061 qui
384 2010 445 2046 una
458 1999 551 2059 essent,
569 2011 728 2062 quemquam
741 1996 836 2063 fuisse,
850 1997 898 2064 qui
914 1996 1103 2050 uadimonium

87 2067 225 2133 coricipere
236 2070 331 2133 posset.

159 2136 213 2190 Cic.
240 2135 277 2188 ad
297 2134 378 2188 Fam.
399 2134 470 2200 VII,
489 2138 551 2201 s,1
581 2135 721 2202 (Trebatio
748 2153 830 2191 mens
853 2138 940 2203 Iun.)
986 2136 1105 2204 Scripsit

84 2208 123 2261 ad
141 2225 181 2262 me
196 2207 298 2261 Caesar
312 2176 521 2331 perhumaniter
537 2207 660 2260 noudum
677 2213 702 2260 te
715 2208 826 2262 sibit
782 2214 826 2262 sat
826 2208 850 2261 is
864 2223 918 2262 esse
935 2207 1104 2274 familiarem

80 2284 195 2348 propter
213 2293 315 2345 occupa
317 2277 403 2331 tiones
420 2293 495 2342 suas,
513 2277 559 2330 sed
577 2284 645 2332 certe
662 2279 728 2343 sore.

157 2349 211 2404 (lic.
227 2349 264 2403 ad
279 2347 359 2401 Fam
371 2348 522 2415 V11,17,2
537 2348 679 2415 (Trebatio
693 2366 774 2403 mens
790 2349 884 2415 Seut).
904 2348 973 2403 Cum
986 2349 1105 2403 uiderem

84 2438 125 2476 me
144 2439 162 2475 a
181 2420 298 2474 Caesare
315 2419 583 2486 honorificentissime
601 2422 717 2474 tractari
734 2427 759 2474 et
776 2421 856 2475 unice
874 2421 956 2490 dilipi
973 2421 1104 2474 laminis·

84 2509 135 2562 que
154 2492 344 2546 liberalitatem
362 2490 547 2544 incredibilem
566 2497 591 2544 ct
607 2492 775 2574 siupularem
792 2493 874 2574 tidem
891 2507 1003 2558 nossem,
1021 2492 1061 2546 sic
1078 2492 1105 2545 ei

83 2571 109 2620 te
127 2562 355 2618 commendaoiet
373 2561 543 2627 tradidit
511 2569 543 2617 Μ
560 2563 719 2632 pravissime
736 2563 863 2633 dilipeut'
852 2563 993 2631 essimeque
1007 2563 1104 2631 potui,-

84 2636 156 2704 quod
178 2635 224 2689 ille
241 2635 327 2688 itaet
349 2634 454 2701 accepit
471 2603 495 2687 d
517 2634 585 2686 milti
602 2651 681 2702 saepe
705 2635 802 2689 litteris
824 2634 991 2704 stputficaut
1008 2639 1062 2688 ett
1051 2634 1103 2687 tibi

85 2713 110 2761 Μ
127 2707 215 2761 rabis
233 2711 258 2760 Μ
275 2722 305 2759 re
327 2704 445 2759 ostendit
461 2720 522 2757 ntea
539 2706 768 2760 commendatione
786 2722 840 2760 sese
862 2705 942 2760 ualde
959 2721 1013 2759 esse
1032 2721 1102 2759 cam-

85 2784 194 2832 motum.

156 2848 210 2902 Cic.
230 2848 268 2902 ad
289 2846 339 2917 Qu.
360 2846 395 2913 fr.
410 2846 459 2913 II,
473 2850 540 2913 15(
525 2850 631 2914 (516,)
651 2850 744 2916 (mens
760 2847 854 2913 Sext)
890 2845 1105 2915 Quomodonam,

85 2920 124 2972 mi
141 2920 241 2986 frater,
260 2920 293 2972 de
310 2918 412 2973 nostris
430 2918 551 2972 vastus
571 2916 691 2972 Caesar?
722 2920 799 2973 Nam
818 2918 939 2986 mimum
959 2918 1060 2971 librum
1075 2934 1104 2972 se

82 2990 179 3058 lepisse
203 2990 312 3058 scripsit
337 2990 375 3043 ad
392 3006 433 3044 me
452 2995 516 3043 ante
534 2995 559 3043 et
573 2990 668 3056 prima
685 2990 737 3055 sic,
755 2995 787 3044 Μ
803 2995 881 3059 nepet
898 3006 925 3043 se
942 3005 976 3043 nc
996 2988 1105 3044 Graeca

88 3061 200 3143 quidem
213 3062 327 3115 meliora
345 3061 454 3130 lepisse;
471 3061 579 3128 reliqua
597 3060 635 3114 ad
648 3031 783 3129 quendam
802 3061 889 3114 locum
908 3056 1105 3135 §stupuerim

87 3132 138 3185 ltoc
156 3133 226 3185 enim
245 3138 276 3185 Μ
265 3132 335 3185 titur
351 3132 437 3186 cerba

159 3201 214 3256 Cic
230 3203 267 3255 ad
283 3201 333 3271 Qu.
347 3204 384 3269 fr
399 3203 460 3271 ΠΙ,
474 3208 501 3270 1,
515 3207 552 3258 10
571 3206 664 3285 (mens.
680 3202 744 3270 Sept
746 3207 773 3270 .).
805 3202 850 3257 De
868 3203 1013 3258 tribunatu
981 3203 1105 3272 tquod

84 3274 193 3340 scribis,
216 3290 263 3355 epo
288 3289 349 3326 aero
372 3274 536 3328 nominatim
550 3274 637 3342 petiui
657 3273 766 3340 Curtia,
783 3280 808 3328 et
830 3274 932 3327 milti'
920 3291 978 3343 epse
1002 3274 1105 3328 Caesar

84 3345 249 3398 nominatim
268 3342 364 3398 Oimtio
383 3352 517 3413 paratum
539 3361 593 3400 esse
614 3345 753 3412 rescripsit
770 3362 908 3414 meamque
925 3346 958 3400 in
979 3346 1105 3415 rapando

84 3416 276 3470 uerecundiam
294 3415 456 3485 obimpaoit.

156 3485 210 3540 otc.
231 3486 268 3540 ad
289 3486 370 3540 Fam.
390 3486 416 3553 Ι,
431 3491 507 3553 9,19
527 3487 678 3555 (Lentulo),
715 3487 759 3541 De
782 3487 895 3542 Vatinio
914 3489 1037 3556 primum
1061 3503 1103 3539 rc·

83 3558 159 3612 ditus
186 3558 372 3612 intercesserat
397 3558 429 3612 in
454 3560 576 3628 pratiam
599 3575 650 3627 per
677 3559 850 3642 Pompeium,
878 3561 971 3614 statim
998 3564 1031 3612 ut
1056 3557 1105 3609 ille

77 3635 192 3699 praetor
210 3635 248 3684 est
269 3629 374 3697 fadus,
399 3645 460 3684 cum
478 3631 587 3698 ΜΜΜΜΜ
609 3646 656 3700 epo
674 3631 733 3685 eius
751 3630 910 3700 petitionem
932 3626 1105 3700 pravissimis
