2414 3968
124 163 188 229 118
420 163 568 219 BELLUM
586 162 840 219 HlSPANlENSE.

122 309 363 374 materfamilias
391 309 429 373 de
457 331 549 376 muro
577 331 611 373 se
640 308 756 375 deiecit
777 314 812 374 et
836 309 881 375 ad
906 334 973 378 nos
997 312 1122 379 manilii

122 409 267 494 dixitque
290 431 324 473 se
348 430 420 473 cum
443 406 567 472 familia
589 407 802 472 constitutum
826 406 1010 496 habuisse,
1032 416 1069 477 ut
1084 432 1123 477 un

120 506 361 590 transfugerent
384 506 424 571 ad
443 504 623 589 Gaesarem
647 504 736 569 illam
756 527 957 589 oppressam
978 514 1015 575 et
1032 508 1123 596 iugulr

87 609 199 671 ltnm.
244 604 316 670 Hoc
341 603 515 689 praeterito
538 607 682 687 tempore
710 602 850 668 tabellae
880 604 925 671 de
953 629 1053 673 muro
1076 610 1123 673 suoi

122 702 272 787 deiectae,
294 702 328 766 in
352 701 470 786 quibus
493 700 651 784 scriptum
674 704 724 765 est
746 701 937 768 inventum:
971 704 1021 770 Ἥ.
1044 704 1122 770 llum

121 799 188 863 tius
221 798 357 863 Caesari.
413 796 448 863 si
484 796 565 862 mihi
601 798 702 862 vitam
737 798 879 884 tribues,
920 801 1121 886 quoniamd

121 894 178 960 On.
201 896 356 980 Pompeio
384 918 456 961 sum
483 895 642 979 desertus,
671 894 798 980 qualem
826 917 881 960 me
913 897 969 964 illi
994 898 1121 985 praesti,

120 993 178 1058 tali
202 994 323 1058 virtute
346 998 379 1058 et
401 992 584 1058 constantia
605 992 752 1057 futurum
775 1015 826 1058 me
849 993 889 1058 in
914 999 952 1061 te
973 1020 1048 1065 esse
1064 1018 1121 1085 pre

86 1091 235 1159 ostabo?
286 1090 411 1157 Eodem
443 1095 587 1175 tempore
620 1090 772 1174 oppidani
802 1090 925 1177 legati,
968 1097 1031 1180 qui
1061 1100 1121 1161 anto

121 1187 273 1273 exierant,
297 1186 464 1253 Caesarem
488 1187 648 1253 adierunt:
678 1188 707 1252 si
729 1188 793 1253 sibi
815 1189 924 1255 vitem
951 1195 1120 1273 concederet

85 1305 101 1354 o
120 1309 189 1352 sese
216 1287 399 1370 insequenti
427 1287 498 1352 luce
522 1286 676 1370 oppidum
699 1307 768 1350 esse
791 1284 980 1356 dedituros.
1030 1291 1120 1369 Quitu

119 1383 286 1467 respondit
322 1406 355 1448 se
389 1383 556 1449 Caesarem
593 1405 662 1449 esse
693 1383 855 1468 fidemque
890 1394 1120 1471 praestaturuu

117 1478 169 1545 Ita
192 1486 266 1546 ante
289 1482 374 1546 diem
395 1500 432 1546 11
454 1482 526 1546 Kal.
548 1479 643 1546 Mart.
666 1481 784 1566 oppido
807 1481 940 1566 potitus
967 1488 1118 1575 impemtu

119 1582 168 1643 est
191 1578 380 1662 appellatus.

84 1698 98 1745 1
185 1675 255 1740 XX.
299 1675 393 1753 Quod
415 1677 588 1761 Pompeius
611 1700 651 1742 ex
672 1677 818 1763 perfugis
840 1700 920 1745 cum
947 1683 1119 1752 deditionc

119 1773 231 1857 oppidi
249 1773 368 1837 factam
387 1797 455 1839 esse
475 1775 597 1859 scisset,
619 1779 724 1840 castra
741 1775 845 1840 movit
862 1774 1023 1848 Ucubim
1040 1801 1119 1850 versu

119 1874 152 1935 et
180 1871 299 1935 circum
328 1892 366 1934 ea
391 1870 463 1936 loca
490 1872 622 1936 castella
649 1874 809 1958 disposuit
836 1878 869 1940 et
902 1882 1119 1949 munitionibus

119 1991 153 2032 se
185 1968 348 2033 continere
381 1969 494 2053 coepit.
545 1969 625 2035 Item
659 1970 774 2037 Caesar
805 1975 914 2040 movit
944 1984 984 2045 et
1017 1980 1119 2067 propio

83 2086 99 2135 2
119 2069 225 2131 castra
245 2066 359 2130 castris
378 2067 525 2131 contulit.
561 2067 685 2133 Eodem
704 2073 848 2154 tempore
867 2094 972 2141 mane
992 2079 1118 2145 loricato

117 2185 201 2236 unus
225 2186 265 2228 ex
287 2163 414 2250 legione
434 2165 606 2231 vernacula
623 2166 664 2230 ad
682 2189 741 2232 nos
760 2168 944 2256 transfugit
966 2179 1003 2241 ct
1022 2175 1117 2243 nuntie

115 2263 164 2327 vit
186 2262 376 2345 Pompeium
399 2263 576 2347 oppidanos
594 2262 782 2330 Ucubenses
802 2288 1011 2339 convocasse
1036 2276 1117 2358 eisqu

116 2360 163 2425 ita
180 2361 397 2445 imperavisse,
418 2364 455 2424 ut
473 2359 641 2446 diligentia
660 2362 805 2427 adhibita
821 2367 1069 2458 perquirerent,
1083 2368 1117 2455 qui

117 2462 225 2523 essent
243 2481 373 2522 suarum
391 2459 532 2542 partium
549 2459 691 2544 itemque
705 2461 971 2532 adversariorum
988 2470 1118 2537 victorin

81 2575 97 2623 3
116 2556 267 2621 fautores.
303 2556 375 2621 Hoc
397 2557 570 2640 praeterito
594 2561 737 2642 tempore
758 2559 793 2624 in
810 2560 945 2647 oppido,
972 2569 1064 2651 quod
1078 2565 1118 2631 iul

117 2658 260 2738 captum,
288 2676 399 2720 servus
427 2659 477 2718 cst
503 2675 638 2738 prensus
666 2655 700 2718 in
723 2655 887 2740 cuniculo,
916 2680 1023 2743 quem
1047 2682 1117 2749 supn

116 2751 406 2818 demonstravimus
430 2752 592 2816 dominam
615 2753 791 2838 iugulasse:
814 2753 843 2817 is
864 2755 966 2823 vivus
988 2766 1042 2827 est
1059 2781 1117 2827 com

80 2867 97 2914 4
116 2850 239 2914 bustus.
276 2848 429 2935 Idemque
452 2851 607 2935 temporis
629 2852 832 2917 centuriones
854 2851 992 2923 loricati
1016 2852 1118 2925 vmtl

117 2946 283 3011 Gaesarem
306 2948 550 3033 transfugerunt
573 2971 612 3013 ex
634 2949 762 3035 legione
784 2950 973 3039 vernacula,
998 2962 1034 3022 et
1056 2954 1118 3042 equ'

116 3049 165 3109 tes
188 3045 290 3109 nostri
313 3068 386 3110 cum
406 3045 660 3111 adversariorum
680 3046 843 3130 equitibus
862 3055 1040 3135 congressi
1058 3054 1119 3133 suut

81 3144 149 3207 oet
176 3141 276 3206 saucii
304 3142 429 3225 aliquot
456 3143 640 3208 occiderunt
662 3145 725 3209 levi
749 3148 921 3210 armatura.
971 3150 1027 3216 Ea
1049 3152 1119 3218 noct

38 3228 41 3233 ¹
115 3239 332 3322 speculatores
346 3239 455 3323 prensi
468 3241 552 3305 servi
566 3259 606 3304 111
619 3245 652 3306 et
665 3264 749 3306 unus
764 3264 804 3307 cx
813 3240 944 3329 legione
955 3248 1119 3317 vernaculi

117 3333 208 3401 Servi
232 3337 363 3401 suntin
387 3359 512 3403 crucem
536 3338 669 3424 sublati,
692 3340 789 3404 militi
812 3341 960 3409 cervices
987 3349 1120 3416 abscisae

81 3453 95 3500 1
182 3432 268 3498 XXI.
314 3434 448 3501 Postero
477 3436 527 3501 dic
555 3439 679 3521 equites
707 3460 780 3503 cum
806 3437 872 3503 levi
900 3450 1075 3513 armatura
1096 3464 1121 3510 cx

80 3531 369 3597 cadversariorum
403 3534 516 3598 castris
549 3534 589 3597 ad
621 3556 680 3599 nos
712 3535 974 3620 transfugerunt.
1028 3547 1075 3613 Et
1098 3558 1128 3609 ω’
