2414 3968
133 185 199 249 208
350 184 378 240 C.
397 185 483 240 IULII
502 185 673 241 CAESARIS
692 183 931 239 FRAGMENTA.

32 357 130 443 iffi}
472 364 498 400 ο.
513 363 540 399 n.
555 363 576 401 c.
596 346 729 400 DOOIII
744 349 813 414 (51).

58 456 103 505 (51)
489 453 547 506 AD
568 452 596 506 0.
616 452 791 507 FABIUM.

206 552 284 606 Hirt.
305 552 328 604 b.
351 550 384 605 G.
409 550 498 616 VIII,
512 555 544 616 6,
558 553 583 604 3.
621 550 742 604 Litteras
761 551 798 605 ad
817 549 845 603 0.
865 548 996 604 Fabium
1015 553 1119 619 mittit,
1136 557 1162 606 ut

134 625 166 677 in
184 624 252 690 fines
271 622 447 678 Suessionum
466 623 582 692 lecimus
600 622 679 688 duas,
698 638 767 690 quus
784 621 908 688 babebat,
927 621 1095 680 adduceret.

450 782 509 836 AD
530 781 558 836 O.
580 780 836 836 TREBONIUM.

208 880 285 934 Hr‘rt.
306 881 329 934 b.
351 879 384 935 G.
409 880 552 946 VIII,11,
566 885 591 935 1.
629 879 750 933 Litteras
769 880 806 933 ad
827 879 998 936 Trebonium
1019 883 1119 950 mittit,
1135 887 1164 936 ut

136 968 219 1020 quam
242 952 376 1006 celerrime
390 958 492 1019 posset,
517 952 647 1021 leqicnem
665 951 760 1016 XIII,
784 967 852 1020 quae
870 967 933 1005 cum
953 953 989 1007 T.
1011 953 1114 1010 Sentio
1132 955 1162 1008 le-

154 1029 200 1077 cto
223 1024 256 1075 in
273 1022 450 1092 Bituriqibns
472 1023 621 1088 hiemabat,
646 1029 789 1077 arcesseret
811 1028 891 1090 atque
915 1023 959 1077 ita
983 1041 1052 1080 cum
1077 1027 1164 1081 tribus
1201 1058 1203 1069 ·

135 1041 291 1163 {telonibus
308 1095 416 1164 mannis
433 1094 578 1148 itineribus
596 1093 634 1146 ad
651 1110 679 1148 se
696 1094 806 1148 ueniret.

474 1273 499 1308 a.
514 1271 542 1308 u.
557 1270 578 1308 c.
596 1253 695 1308 Deo]
697 1253 723 1307 V
739 1256 810 1321 (50).

345 1360 404 1414 AD
423 1360 466 1413 M.
487 1360 680 1415 TULLIUM
697 1358 947 1414 CICERONEM.

211 1457 265 1512 θνα.
285 1458 323 1511 ad
336 1457 393 1512 An.
414 1459 553 1525 VII,1,3
573 1461 611 1526 (a.
630 1457 657 1512 d.
678 1458 775 1512 XVII
785 1457 852 1511 Kal.
863 1457 958 1526 Nou).
1000 1459 1055 1514 Mc
1074 1465 1161 1514 anum

135 1535 248 1598 uterque
266 1535 392 1583 numerat
409 1545 498 1595 snum,
516 1529 573 1583 nisi
590 1529 660 1595 sorte
677 1529 790 1584 simulat
804 1530 995 1583 alter-nam
1010 1530 1162 1600 Pompeius

134 1616 193 1653 nan
215 1600 337 1665 dubitat,
364 1616 423 1653 uere
446 1601 518 1653 enim
540 1601 715 1666 indicated,
743 1617 812 1669 quae
836 1600 868 1653 de
890 1601 1062 1669 republica
1089 1616 1161 1655 nunc

135 1671 246 1737 sentiat,
264 1671 333 1724 mibi
350 1671 429 1724 ualde
444 1671 560 1738 probari
573 1692 623 1737 -;
641 1672 783 1740 utriusque
802 1677 891 1725 auum
909 1673 1007 1740 accepi
1026 1671 1162 1728 eiusmodi

137 1742 242 1795 litteras
260 1742 351 1794 eodem
368 1747 497 1824 tempere,
515 1758 568 1824 que
587 1750 649 1798 tuas
668 1743 699 1810 (i.
715 1758 736 1796 c.
751 1742 827 1810 prid.
846 1741 895 1824 Id..
912 1741 995 1810 Oct),
1014 1750 1049 1799 ut
1067 1750 1161 1799 neum

136 1813 1160 1949 tlttltmwllfftllllttlttllltddum-istil

137 1954 243 2008 litteras
261 1955 344 2021 misit,
362 1955 409 2008 sed
427 1961 518 2008 tamn
553 1956 681 2010 ratnlans
699 1957 767 2010 milti
784 1954 884 2010 Ouesar
902 1956 935 2010 dc
953 1958 1160 2025 supplicatione
1201 1964 1203 2019 ζ

135 2025 288 2093 triumphat
311 2026 344 2079 de
365 2027 499 2080 sententia
540 2028 631 2081 amnis
652 2043 701 2081 nec
723 2027 831 2093 scribit,
853 2027 920 2096 quid
942 2026 991 2081 ille
1010 2028 1160 2083 sentcntiae
1201 2060 1203 2085 ι

137 2097 248 2163 disserit,
266 2097 313 2151 sed
331 2103 448 2163 tantum,
466 2114 527 2151 eum
545 2099 614 2152 mibi
630 2099 857 2167 supplicationem
874 2113 931 2152 nen
950 2098 1111 2154 ἀνονονίοεο.
1126 2127 1159 2138 —
1201 2106 1203 2127 ¹

136 2172 164 2235 2,
180 2172 204 2221 7.
224 2169 323 2238 Itaque
342 2168 444 2223 Cacsar
461 2169 498 2223 iis
516 2169 622 2235 litteris,
641 2170 740 2238 quibus
757 2170 825 2223 mibi
842 2169 1003 2240 bratulatur
1022 2177 1049 2225 et
1067 2169 1157 2225 brunia
1201 2148 1203 2279 γ

134 2240 290 2308 pollicetur,
307 2242 439 2309 quomodo
458 2240 576 2295 exsultat
591 2239 704 2295 Catonis
721 2242 753 2294 in
771 2257 812 2295 me
830 2241 1017 2309 intratissimi
1035 2240 1159 2295 iniuria!
1201 2294 1203 2303 ,

138 2310 263 2436 blandust
288 2313 327 2365 ad
344 2311 403 2367 An.
426 2312 591 2378 VII,3,11
617 2311 661 2380 (V
675 2312 720 2366 Id.
738 2311 827 2380 Dec).
869 2310 927 2364 Ille
954 2311 1027 2366 mdsi
1055 2313 1158 2368 litteras
1201 2306 1203 2363 i

224 2398 256 2436 as
273 2383 363 2437 mittit.
1201 2416 1203 2435 ÷

505 2505 563 2559 AD
582 2505 790 2561 SENATUM.

210 2602 285 2658 Caes.
301 2603 337 2656 Β.
354 2603 382 2658 0,
397 2608 423 2672 1,
438 2608 503 2670 1,1.
540 2603 656 2659 Litteris
675 2603 703 2658 0.
720 2603 846 2658 Caesaris
864 2603 1026 2660 consulibus
1044 2605 1157 2660 redditis

139 2692 219 2745 decre
242 2675 277 2728 ab
299 2675 343 2729 bis
365 2676 539 2743 impetratum
561 2681 600 2730 cst
622 2691 728 2730 summa
750 2676 925 2730 tribunorum
938 2675 1032 2742 plebis
1051 2683 1155 2732 conum

138 2747 224 2813 tiarse,
242 2746 322 2800 utin
340 2753 437 2801 senatu
455 2747 635 2801 recitarentur
639 2767 650 2812 ;
676 2752 708 2800 nt
725 2762 787 2800 uero
805 2762 839 2800 cn
858 2745 957 2800 litteris
974 2747 1015 2800 ad
1033 2754 1156 2802 scitatum

138 2818 295 2884 referretur,
313 2817 456 2885 impetrari
473 2834 530 2871 nen
545 2818 644 2886 potuit.
664 2848 698 2856 -
718 2821 744 2883 9,
754 2821 793 2882 3„
810 2815 879 2870 (lum
898 2816 1004 2872 litteras
1024 2819 1065 2873 ad
1081 2834 1155 2873 senor

138 2894 196 2942 tum
215 2889 331 2953 miserit,
353 2895 385 2942 nt
403 2904 494 2942 amnes
512 2888 547 2942 ab
565 2888 726 2943 exercitibus
744 2888 923 2952 discederent,
945 2904 981 2942 ne
998 2889 1033 2943 id
1051 2889 1156 2959 quidun

139 2959 331 3027 impetravisse.
351 2991 386 2998 -
405 2958 460 3013 Cic.
479 2959 518 3013 ad
532 2958 612 3013 Fam.
625 2958 709 3025 XVI,
723 2964 768 3024 11,
781 2962 807 3013 2.
838 2957 956 3012 Omnino
975 2966 1001 3013 et
1019 2964 1080 3029 ipse
1095 2959 1156 3015 Onc-

138 3046 195 3096 sar,
214 3031 319 3084 amicus
338 3037 436 3096 nester,
453 3031 570 3084 minacis
588 3031 626 3084 ud
643 3036 768 3085 senatum
786 3035 812 3085 et
825 3030 936 3084 acerbas
955 3030 1065 3087 litteras
1082 3032 1155 3085 mise·

139 3107 191 3155 rat.
211 3132 246 3140 —
269 3101 342 3156 Suet.
364 3101 438 3156 (lues.
457 3105 502 3156 29.
541 3101 672 3155 Senatum
690 3101 787 3155 litteris
804 3101 964 3170 deprecatus
983 3109 1036 3170 est,
1055 3120 1091 3158 ne
1108 3098 1157 3156 sibi

141 3173 298 3238 beneficium
313 3174 414 3242 populi
431 3174 604 3238 adimeretur,
628 3177 677 3226 aut
699 3179 731 3226 ut
753 3173 832 3227 ceteri
854 3187 959 3240 quoqne
981 3173 1156 3243 imperatores

140 3244 175 3297 ab
198 3244 358 3298 exercitibus
381 3245 553 3299 discederent.
582 3275 615 3282 -
644 3243 720 3297 Plut.
744 3244 839 3312 Pomp.
864 3246 907 3297 59.
946 3240 1070 3315 Ἀνέγνω
1095 3241 1156 3298 τινὰ

141 3310 284 3381 Καίσαρος
302 3313 448 3384 ἐπιστολὴν
467 3313 611 3375 Ἀντώνιος
630 3312 660 3368 ἐν
678 3317 717 3386 τῷ
736 3313 814 3387 δήμῳ
833 3311 1003 3385 βιασάμενος
1021 3317 1077 3387 τὴν
1095 3318 1156 3388 dau·

143 3385 193 3453 λὴν
213 3383 331 3454 ἔχονοαν
354 3385 516 3456 ἐπαγωγοὺς
539 3383 621 3453 ὄχλου
640 3383 811 3452 προκλήσεις.
844 3381 942 3449 ’Helos
961 3385 1016 3456 γὰρ
1037 3382 1156 3458 ἀμφοτέ-

143 3475 211 3523 ρους
239 3453 376 3526 ἐκβάντας
402 3467 457 3512 τῶν
481 3456 621 3525 ἐπαρχιῶν
646 3456 695 3509 καὶ
719 3455 770 3518 τὰς
797 3455 997 3524 στρατιωτικὰς
1025 3457 1157 3528 δυνάμεις

143 3523 268 3596 ἀφέντας
292 3524 337 3579 ἐπὶ
359 3532 397 3597 τῷ
421 3526 499 3600 δήμῳ
518 3523 650 3597 γενέσθαι
669 3527 791 3582 καὶτῶν
809 3524 1015 3596 πεπραγμένων
1035 3532 1157 3588 macras

141 3598 282 3668 ὑποσχεῖν.
302 3629 336 3637 -
355 3598 430 3652 Plut.
451 3598 524 3653 Oetes.
545 3601 588 3652 30.
623 3597 665 3650 Ob
685 3596 739 3666 μὴν
753 3595 812 3652 ttt’
830 3596 848 3667 γ’γ’
867 3616 897 3668 γε
915 3598 996 3667 παρὰ
1016 3600 1157 3670 Καίσαρος
