2414 3968
448 187 519 242 VIII.
542 187 751 244 EPISTULAE.
1036 189 1101 255 211

335 331 394 384 AD
415 330 576 385 OPPIUM
591 331 649 386 ET
665 331 851 386 BALBUM.

158 428 213 482 Oie.
233 427 341 483 adAtt.
355 428 417 495 IX,
432 431 450 482 7
461 427 488 483 0.
526 426 629 483 Caesar
648 427 737 499 Oppio
757 427 884 483 Cornelio
904 428 954 483 sal.
984 427 1100 484 Gaudeo

86 498 247 553 mehercule
261 516 309 553 vos
324 497 484 570 significare
502 498 613 569 litteris,
633 517 719 568 quam
732 499 814 554 valde
828 499 953 569 probetis
968 516 1010 568 ea,
1029 516 1102 568 quae

88 570 165 640 apud
184 569 334 624 Corfinium
357 573 423 625 sunt
445 572 534 641 gesta.
572 569 694 625 Consilio
717 573 809 625 vestro
832 573 897 625 utar
919 569 1053 640 libenter,
1073 575 1102 626 et

86 641 140 695 hoc
159 640 308 710 libentius,
328 641 404 710 quod
422 657 485 695 mea
503 643 602 711 sponte
620 641 714 696 facere
732 640 948 712 constitueram,
967 644 999 696 ut
1017 659 1103 710 quam

85 711 263 766 lenissimum
284 728 329 766 me
351 713 516 782 praeberem
534 716 563 768 et
581 712 746 782 Pompeium
763 714 860 768 darem
878 729 992 783 operam
1010 716 1043 767 ut
1060 729 1102 767 re·

86 783 274 838 conciliarem.
300 784 451 838 Tentemus
465 784 519 837 hoo
532 784 625 853 modo,
645 783 669 837 si
687 801 843 854 possumus,
863 783 988 838 omnium
1005 783 1102 838 volun·

87 857 164 909 tates
183 871 249 909 recu
269 871 347 909 erare
366 856 396 908 et
414 854 548 909 diuturna
565 855 685 910 victoria
702 854 754 925 uti,
773 854 907 924 quoniam
924 854 1027 924 reliqui
1041 872 1102 909 cru·

88 925 209 980 delitate
228 873 324 980 odium
343 925 466 996 effugere
483 943 540 980 non
578 929 710 981 otuerunt
728 943 819 994 neque
833 925 981 981 victoriam
995 925 1102 981 diutius

86 999 183 1051 tenere
210 1000 323 1066 praeter
349 1015 436 1052 unum
459 997 489 1052 L.
510 996 528 1051 S
571 1014 629 1067 am,
659 1014 742 1066 quem
765 996 927 1052 imitaturus
949 1014 1006 1051 non
1031 1015 1101 1052 sum.

86 1068 164 1123 Haeo
187 1085 260 1123 nova
284 1067 321 1122 sit
343 1067 418 1123 ratio
441 1067 584 1139 vincendi,
612 1072 644 1123 ut
666 1068 859 1123 misericordia
882 1071 911 1123 et
928 1067 1102 1123 liberalitate

85 1157 137 1194 nos
161 1138 335 1195 muniamus:
363 1139 394 1193 id
417 1140 654 1208 quemadmodum
671 1139 732 1194 fieri
750 1139 853 1210 possit,
876 1139 1014 1194 nonnulla
1031 1139 1103 1194 mihi

85 1209 116 1264 in
139 1214 262 1265 mentem
284 1209 401 1266 veniunt
423 1214 452 1266 et
474 1210 565 1265 multa
587 1210 703 1281 reperiri
725 1214 851 1281 possunt.
888 1211 929 1265 De
955 1211 999 1264 his
1017 1211 1101 1265 rebus

85 1289 234 1352 rogovos,
259 1285 290 1336 ut
310 1281 511 1353 cogitationem
537 1282 706 1352 suscipiatis.
748 1282 782 1336 N.
806 1281 946 1352 Magium,
975 1281 1102 1352 Pompeii

85 1352 271 1423 praefectum,
300 1353 485 1424 deprehendi:
515 1352 624 1408 scilicet
650 1369 712 1408 mco
740 1352 872 1407 instituto
895 1371 962 1406 usus
986 1371 1047 1407 sum
1073 1355 1102 1408 et

90 1439 154 1478 eum
176 1423 274 1479 statim
296 1423 413 1479 missum
434 1424 498 1481 feci.
535 1424 596 1478 Iam
615 1425 670 1478 duo
688 1423 825 1494 praefecti
843 1423 956 1477 fabrum
974 1423 1101 1548 Pompeii

85 1494 116 1549 in
139 1512 232 1550 meam
254 1499 426 1566 potestatem
448 1499 585 1550 venerunt
607 1499 637 1550 ct
661 1512 741 1549 ame
759 1494 838 1549 missi
857 1498 935 1551 sunt:
964 1494 987 1548 si
1006 1512 1039 1549 vo
1052 1498 1101 1550 ent

85 1566 162 1647 grati
186 1583 260 1636 esse,
289 1567 433 1622 debebunt
455 1566 620 1637 Pompeium
642 1565 763 1636 hortari,
792 1569 824 1621 ut
845 1565 928 1620 malit
950 1565 1022 1620 mihi
1041 1582 1102 1647 csse

86 1654 192 1691 amicus
211 1655 297 1707 quam
315 1638 363 1708 iis,
386 1638 436 1707 qui
459 1642 488 1693 et
512 1637 556 1692 illi
574 1642 603 1693 et
621 1637 692 1692 mihi
710 1653 819 1708 semper
836 1637 950 1692 firerunt
967 1637 1102 1692 inimicis·

85 1707 454 1850 :itmtiqurssgrrugrlrfigttificiis
478 1709 609 1764 effectum
631 1713 687 1778 est,
716 1713 748 1764 ut
770 1725 814 1763 res
838 1708 954 1779 publica
977 1708 1008 1762 in
1026 1709 1101 1763 bunc

160 1850 214 1905 Cic.
233 1852 271 1905 od
288 1851 346 1906 Aa.
365 1852 427 1917 IX,
441 1852 522 1918 13A,
536 1857 561 1907 1.
599 1852 701 1907 Caesar
720 1850 810 1922 Oppio
830 1850 958 1906 Cornelio
978 1851 1029 1906 sal.
1067 1850 1100 1905 A.

85 1919 113 1974 d.
133 1919 184 1974 VII
201 1921 267 1975 Idus
285 1921 403 1976 Martias
421 1921 602 1976 Brundisium
619 1921 695 1993 veni,
716 1923 752 1977 ad
770 1941 881 1976 murum
900 1925 993 1976 castra
1011 1921 1101 1992 posui.

86 1991 235 2061 Pompeius
263 1996 306 2047 est
327 1991 484 2048 Brundisii:
511 1992 590 2047 misit
617 1994 654 2047 ad
680 2010 725 2048 me
748 1992 782 2048 N.
806 1993 933 2063 Magium
956 1993 991 2047 de
1014 2009 1101 2064 pace3

86 2079 160 2130 quae
183 2062 243 2116 visa
270 2067 348 2132 sunt,
372 2063 510 2134 respondi.
547 2064 608 2119 Hoc
626 2082 674 2119 vos
693 2063 791 2118 statim
810 2064 881 2118 scire
898 2063 987 2120 volui:
1015 2082 1102 2132 quum

86 2133 117 2187 in
136 2150 214 2204 spem
237 2150 337 2189 venero
361 2135 396 2189 de
420 2134 622 2204 compositione
646 2133 755 2203 aliquid
777 2151 822 2188 me
841 2135 984 2204 conficere,
1004 2133 1103 2189 statim

86 2223 136 2260 vos
157 2204 290 2260 certiores
308 2205 419 2260 faciam.

438 2348 498 2402 Ao
518 2348 548 2418 o.
569 2348 745 2403 rausum.

159 2444 212 2500 ete.
233 2446 272 2500 ad
288 2445 346 2501 Art.
365 2447 427 2513 IX,
441 2450 519 2514 14,1
540 2449 578 2515 (a.
598 2447 624 2500 d.
649 2446 728 2500 VIII
743 2445 810 2500 Kal.
830 2444 922 2513 Apa).
967 2444 1103 2498 Miseram

85 2517 124 2570 ad
141 2523 167 2572 te
184 2517 235 2571 IX
256 2517 293 2571 K.
318 2519 470 2587 coemptum
492 2518 619 2586 epistotae
638 2518 725 2572 Balbi
749 2517 787 2571 cd
808 2533 849 2570 ree
872 2522 897 2570 et
916 2514 1042 2571 Caesaris
1064 2516 1102 2569 ad

83 2605 159 2642 eum:
187 2605 243 2643 ecee
270 2589 321 2643 tibi
347 2590 438 2644 eodem
465 2590 509 2643 die
529 2588 627 2657 Capua
654 2590 758 2644 tittereu
785 2588 877 2656 occepi
904 2588 939 2640 ab
964 2586 994 2656 Q.
1015 2587 1101 2641 Pedio

86 2660 229 2715 (demerem
247 2661 285 2714 ad
302 2677 329 2715 se
339 2661 432 2729 pridie
445 2660 516 2714 Idus
530 2660 653 2715 Martios
667 2661 770 2715 misisse
783 2660 833 2713 boe
846 2659 980 2726 exemplo:
998 2698 1015 2724 „
1020 2657 1102 2711 Pom·

85 2730 165 2800 peius
189 2747 218 2784 se
242 2731 345 2801 oppido
364 2734 455 2799 tenet3
478 2747 529 2785 nos
549 2730 586 2784 ad
603 2734 699 2812 portas
718 2733 812 2784 castra
830 2729 975 2809 babemus.
1013 2727 1102 2808 Bona·

85 2806 456 2941 scitus
471 2801 625 2942 subu
643 2802 905 2942 terrascia
920 2800 1102 2952 elutus

85 2947 183 3022 portus
202 2960 288 2999 cornu
306 2945 394 3000 moles
412 2943 544 3011 iacimus,
568 2946 601 2997 ut
624 2947 674 2998 aut
696 2943 778 2997 illum
800 2958 887 3012 quam
904 2959 1026 3011 pnmum
1043 2945 1101 2996 tra·

86 3030 168 3138 iege,
188 3016 263 3082 quod
280 3016 368 3071 habet
386 3014 531 3070 Brundisii
549 3014 700 3085 copiarum,
720 3031 853 3086 cogamus
873 3016 924 3067 aut
941 3013 1019 3067 exitu
1037 3031 1101 3083 pro-

138 3090 260 3141 eamus.“

291 3219 349 3273 AD
368 3220 410 3274 M.
432 3220 625 3275 TULLIUM
642 3217 890 3274 CICERONEM.

159 3315 213 3370 Cic.
233 3317 270 3369 cd
287 3316 345 3372 Att.
363 3318 424 3384 IX,
439 3322 489 3384 16,
502 3322 528 3372 2.
548 3321 573 3371 3.
610 3317 655 3371 Ab
681 3333 710 3371 eo
736 3317 876 3385 (Caesare)
902 3315 970 3370 mibi
996 3317 1101 3371 litterae

84 3386 208 3441 redditae
230 3394 296 3442 suut
323 3405 348 3442 a.
368 3390 394 3442 d.
414 3390 477 3443 VII
492 3389 529 3443 K.
554 3388 663 3457 (Apr),
691 3389 789 3457 qieibas
811 3388 868 3442 iem
890 3391 997 3456 ,‚opes“
1019 3404 1101 3452 meas,

84 3474 155 3524 aori,
183 3465 214 3512 ot
235 3460 421 3528 superioribus
444 3461 541 3515 litteris
559 3464 679 3528 „operu“
697 3465 838 3528 exspectat.
877 3458 946 3512 Cum
969 3460 1027 3513 eius
1050 3459 1100 3513 cle-

83 3530 214 3654 ]rpeatiom
229 3529 421 3654 guinimarus
439 3532 517 3586 illam
528 3548 579 3601 per
593 3531 697 3586 litteras
710 3530 944 3595 collauderisserr,
962 3530 1101 3599 rescripsit

103 3616 134 3655 oo
151 3617 284 3669 ecempo:

1115 345 1136 375 a
1145 345 1168 374 u.
1178 344 1191 374 o

1115 386 1192 430 Dodv

1129 441 1177 493 (49)
