2414 3968
421 214 497 269 cre.
516 215 706 272 num-uxr.
1027 217 1069 282 83

63 356 102 420 In
130 379 187 422 suo
216 362 324 422 autem
355 359 467 423 dextro
495 381 593 424 cornu
622 382 661 425 ex
691 361 829 425 secunda
858 362 925 426 acie
952 365 1106 426 vetera-a

63 476 177 518 narum
199 455 364 540 legionum
386 459 510 539 partem
529 456 711 521 cohortium
730 457 958 541 conlocauerat,
985 480 1072 541 prae-

63 556 150 616 terea
182 575 222 616 ex
254 553 395 617 tironum
429 553 586 617 adiecerat
619 574 745 637 paucas.
791 553 932 618 Tertiam
965 558 1106 619 autema

64 650 164 713 aciem
194 650 228 713 in
258 649 425 713 sinistrum
456 670 549 714 suum
578 670 676 713 cornu
705 649 885 714 contulerat
912 655 944 715 et
971 673 1072 735 usque

65 746 105 809 ad
128 746 207 810 aciei
225 767 301 810 suae
323 747 460 810 mediam
482 746 643 831 legionem
665 752 853 831 porrexerat
876 753 908 813 et
930 749 977 812 ita
1000 771 1071 814 con·

64 843 233 926 locaverat,
257 844 306 907 uti
330 844 497 908 sinistrum
520 865 614 907 suum
638 865 736 908 cornu
760 849 844 909 esset
866 845 993 930 triplex.
1033 845 1107 911 Id4

66 962 103 1005 eo
123 940 257 1005 consilio
275 940 403 1024 fecerat,
427 941 513 1024 quod
531 962 624 1005 suum
643 941 791 1005 dextrum
813 941 899 1007 latus
921 944 1071 1008 munitio-

64 1038 160 1102 nibus
180 1038 402 1122 adiuvabatur,
425 1038 592 1102 sinistrum
615 1042 734 1125 autem,
745 1039 905 1122 equitatus
928 1040 1071 1104 hostium

63 1134 265 1199 multitudini
292 1135 342 1198 uti
369 1134 518 1202 resistere
540 1138 663 1218 posset,
691 1135 871 1220 laborabat,
898 1137 1071 1222 eodemque

63 1254 158 1296 suum
181 1254 308 1296 omnem
331 1232 511 1315 equitatum
533 1230 711 1296 contulerat
733 1235 774 1314 et,
797 1233 883 1315 quod
906 1234 935 1297 ei
957 1256 1070 1318 parum

64 1328 256 1414 confidebat,
285 1328 444 1413 praesidio
473 1327 525 1392 his
555 1328 718 1411 equitibus
745 1327 905 1412 legionem
932 1348 957 1393 v
983 1353 1071 1415 prae·

63 1428 195 1491 miserat
215 1425 382 1509 levemque
405 1429 598 1488 armaturam
620 1425 705 1489 inter
723 1425 847 1509 equites
870 1426 1070 1510 interposue-

16 1572 18 1577 .
63 1527 122 1586 rat.
169 1520 360 1606 Sagittarios
383 1522 470 1586 varie
492 1522 675 1606 passimque
697 1521 777 1586 locis
802 1523 897 1587 certis
920 1524 1070 1588 maxime-
1090 1541 1105 1588 5

65 1642 125 1704 que
149 1619 183 1683 in
206 1619 356 1682 cornibus
379 1617 607 1682 conlocaverat.

129 1714 212 1779 LXI.
245 1713 298 1780 Sic
320 1719 531 1799 utrorumque
553 1716 711 1781 exercitus
736 1717 887 1781 instructi
909 1740 975 1783 non
996 1718 1104 1802 plus1

63 1835 217 1899 passuum
240 1827 304 1876 ccc
331 1812 499 1876 interiecto
522 1814 640 1898 spatio,
668 1802 754 1898 quod
780 1815 917 1878 forsitan
941 1818 1014 1878 ante
1037 1814 1070 1877 id

63 1914 191 1993 tempus
214 1908 365 1972 acciderit
386 1930 571 1994 numquam,
593 1910 672 1994 quin
695 1911 912 1996 dimicaretur,
936 1933 955 1974 a
977 1933 1070 1974 mane

64 2028 166 2089 usque
189 2004 237 2073 ad.
254 2004 367 2067 horam
393 2021 419 2067 x
446 2005 509 2069 diei
535 2008 753 2089 perstiterunt.
799 2006 931 2091 lamque
955 2006 1104 2072 Caesare

65 2126 138 2170 cum
170 2101 344 2166 exercitum
376 2102 461 2164 intra
491 2103 686 2168 munitiones
718 2126 792 2168 suas
824 2104 973 2169 reducere
1002 2126 1070 2169 coe-

64 2202 175 2286 pisset,
198 2197 305 2261 subito
327 2197 495 2261 universus
518 2200 680 2283 equitatus
702 2199 837 2264 ulterior
854 2199 1069 2266 Numidarum

65 2295 337 2377 Gaetulorumque
360 2294 428 2358 sine
450 2294 549 2358 frenis
573 2296 612 2359 ab
636 2296 748 2359 dextra
770 2300 861 2380 parte
885 2319 919 2361 se
941 2319 1069 2362 movere

63 2394 259 2481 propiusque
288 2389 432 2455 Caesaris
464 2394 581 2474 castra,
613 2413 693 2475 quae
726 2398 817 2457 erant
847 2391 892 2457 in
909 2392 1004 2477 colle,
1035 2415 1069 2458 se

63 2493 206 2558 conferre
229 2489 347 2572 coepit,
369 2487 512 2552 frenatus
536 2492 643 2553 autem
664 2489 798 2554 Labieni
821 2511 918 2573 eques
942 2489 976 2553 in
997 2488 1068 2554 loco

62 2609 247 2675 permanere
264 2585 649 2670 legionesquedistinere:
673 2610 745 2652 cum
764 2586 871 2650 subito
889 2608 964 2670 pars
982 2588 1067 2670 equi·
1086 2605 1104 2652 3

62 2692 149 2752 tatus
173 2684 317 2748 Caesaris
341 2704 414 2747 eum
440 2682 504 2747 levi
526 2687 687 2747 armatura
710 2688 821 2748 eontra
844 2682 997 2748 Gaetulos
1020 2683 1067 2746 in-

62 2786 152 2849 iussu
180 2805 216 2846 ac
242 2784 362 2845 temere
388 2779 516 2864 longius
545 2782 707 2868 progressi
729 2780 942 2865 paludemque
965 2783 1066 2844 trans-

63 2881 165 2967 gressi
191 2877 431 2943 multitudinem
457 2877 601 2942 hostium
626 2878 721 2962 pauci
744 2877 901 2943 sustinere
924 2897 989 2940 non
1011 2899 1066 2961 po·

62 2980 194 3043 tuerunt
210 2975 337 3060 levique
360 2978 521 3038 armature
540 2975 664 3039 deserta
680 2974 766 3059 pulsi
785 2973 1066 3059 convulneratique

63 3097 127 3138 uno
150 3073 257 3158 equite
280 3072 407 3157 amisse,
429 3070 541 3136 multis
564 3072 654 3157 equis
676 3071 807 3156 sauciis,
829 3071 910 3135 levis
929 3075 1065 3136 armatu·

62 3194 116 3235 rae
143 3187 242 3234 xxvn
268 3170 380 3234 occisis
410 3168 451 3232 ad
477 3189 552 3234 suos
583 3170 777 3253 refugerunt.
824 3167 894 3244 Quo
926 3169 1101 3234 secund04

63 3267 204 3352 equestri
234 3266 355 3350 proelio
386 3266 473 3331 facto
503 3264 610 3350 Scipio
641 3265 745 3330 laetus
776 3266 811 3329 in
840 3269 944 3330 castra
972 3270 1065 3331 nocte

63 3365 171 3448 copias
197 3363 333 3427 reduxit.
378 3363 471 3440 Quod
497 3355 663 3447 proprium
690 3363 843 3447 gaudium
870 3363 1099 3427 bellantibuss

60 3461 205 3527 Fortuna
235 3461 375 3525 tribuere
406 3483 471 3526 non
503 3460 654 3525 decrevit:
678 3481 824 3544 namque
854 3464 983 3544 postero
1014 3459 1065 3524 die

62 3559 178 3625 Caesar
200 3581 272 3624 cum
295 3561 423 3647 partem
446 3558 608 3642 equitatus
636 3557 687 3622 sui
712 3557 929 3622 frumentandi
962 3556 1066 3640 gretia

868 3661 905 3714 Β*
