2650 4066
201 203 266 269 120
497 203 645 259 BELLUM
662 201 914 258 HISPANIENSE.

198 349 295 416 licere
319 351 406 415 exire
429 349 493 414 nisi
516 349 722 432 discinctum,
745 348 864 414 idcirco
888 348 987 433 quod,
1010 369 1050 412 ex
1073 370 1138 432 quo
1162 349 1215 416 die

200 447 354 532 oppidum
376 447 507 532 Ategua
529 450 614 512 esset
636 451 778 530 captum,
801 450 889 510 metu
913 446 1105 510 conterritos
1129 468 1215 538 oom—
1301 477 1303 508 ι

198 544 307 629 plures
329 545 501 630 profugere
523 545 558 609 in
575 543 773 629 Baeturiam3
796 565 900 628 neque
921 543 984 607 sibi
1002 543 1102 608 ullam
1120 567 1214 629 spem
1302 597 1303 604 ,

197 644 351 709 victoriae
387 643 586 728 propositam
623 642 754 726 habere,
790 646 823 706 et
859 642 887 706 si
924 641 980 725 qui
1017 662 1056 706 ex
1091 643 1213 707 nostris
1302 627 1304 666 ³

197 742 428 828 transfugeret,
455 742 489 806 in
512 741 614 806 levem
639 744 834 804 armaturam
860 740 962 805 conici
986 759 1123 824 eumque
1146 762 1213 804 non

198 839 336 922 amplius
362 861 448 904 asses
472 857 522 903 111
545 839 695 922 accipere.

162 952 177 999 1
264 935 383 1001 XXIII.
429 934 616 1021 Insequenti
648 939 791 1019 tempore
820 933 936 1000 Caesar
963 934 1077 1000 castris
1105 939 1212 1000 castra

198 1033 335 1098 eontulit
358 1036 391 1097 et
412 1033 580 1098 brachium
603 1032 645 1098 ad
666 1033 787 1097 flumen
806 1031 935 1098 Salsum
958 1031 1073 1096 ducere
1096 1033 1212 1117 coepit.

144 1128 260 1216 χ1Η11
292 1131 368 1195 dum
401 1131 435 1195 in
468 1152 563 1214 opere
590 1131 694 1196 nostri
721 1129 854 1195 distenti
882 1132 1002 1212 essent,
1030 1129 1212 1213 complures

197 1249 238 1291 ex
274 1229 437 1312 superiore
472 1229 544 1294 loco
581 1228 836 1294 adversariorum
870 1226 1121 1291 decucurrerunt
1152 1249 1211 1292 nec

198 1324 416 1391 desinentibus
452 1327 572 1391 nostris
609 1326 721 1390 multis
757 1324 831 1389 telis
867 1323 993 1389 iniectis
1029 1324 1210 1409 complures

161 1439 177 1487 3
197 1422 383 1490 vulneribus
407 1424 557 1490 adiecere.
593 1424 657 1491 Hic
675 1431 755 1510 tum,
779 1429 817 1489 ut
840 1423 886 1487 ait
907 1421 1043 1506 Ennius,
1067 1422 1210 1488 ‘nostri

197 1543 346 1587 cessere
373 1523 601 1607 parumper’.
647 1522 761 1608 ltaque
788 1526 916 1608 praeter
942 1519 1208 1586 consuetudinem

196 1639 269 1682 cum
284 1642 303 1684 a
316 1620 436 1685 nostris
451 1620 706 1685 animadversum
721 1624 805 1686 esset
819 1619 938 1703 cedere,
952 1619 1155 1685 centuriones
1169 1641 1209 1684 ex

196 1715 323 1801 legione
350 1735 373 1780 v
400 1716 520 1781 fiumen
547 1719 741 1802 transgressi
769 1719 832 1783 duo
859 1717 1072 1782 restituerunt
1100 1719 1210 1802 aciem,

197 1813 376 1897 acriterque
399 1814 517 1878 eximia
539 1815 659 1880 virtute
678 1815 787 1899 plures
805 1838 878 1880 cum
898 1819 1038 1900 agerent,
1059 1837 1100 1880 ex
1118 1837 1209 1900 supe

196 1910 281 1974 riore
307 1910 383 1975 loco
411 1910 620 1977 multitudine
647 1913 792 1978 telorum·
814 1912 895 1976 alter
923 1933 1033 1976 eorum
1061 1912 1209 1977 concidit.

161 2004 249 2071 alta
271 2029 344 2072 curn
367 2009 436 2073 eius
459 2030 590 2093 compar
607 2011 713 2093 impar
734 2009 893 2095 proelium
915 2009 1020 2074 facere
1043 2009 1210 2094 coepisset,

197 2127 270 2170 cum
292 2105 434 2190 undique
457 2129 491 2171 se
514 2107 738 2174 circumveniri
760 2108 903 2172 animum
930 2107 1135 2190 advertisset,
1161 2129 1209 2171 re·

161 2218 326 2288 egressus
362 2204 475 2289 pedem
512 2205 654 2270 offendit.
707 2204 814 2270 Huius
850 2204 1021 2271 incidentis
1053 2204 1209 2289 temporis

197 2301 237 2364 ad
263 2302 325 2366 1111
352 2302 447 2367 fortis
475 2302 616 2389 insignia
642 2326 715 2369 oum
743 2303 923 2387 complures
952 2301 1209 2368 adversariorum

197 2419 387 2464 concursum
409 2399 559 2484 facerent,
582 2401 705 2485 equites
724 2400 827 2465 nostri
845 2400 1039 2485 transgressi
1057 2399 1209 2464 inferiore

162 2494 267 2561 eloco
290 2496 489 2561 adversarios
513 2497 553 2561 ad
575 2498 697 2563 vallum
720 2518 814 2582 agere
832 2501 1014 2581 coeperunt.
1052 2494 1104 2561 Ita
1122 2498 1209 2582 cupi·

197 2593 269 2657 dius
288 2593 365 2658 dum
383 2594 470 2658 intra
487 2596 647 2678 praesidia
664 2595 794 2660 illorum
808 2595 940 2661 student
953 2595 1082 2660 caedem
1095 2594 1209 2680 facere,

162 2708 215 2756 aa
246 2692 363 2756 turmis
395 2696 427 2757 et
455 2693 520 2758 leri
548 2698 709 2758 armatura
736 2697 813 2757 sunt
839 2692 1013 2758 interclusi.
1064 2690 1209 2768 Quorum

196 2789 260 2854 nisi
288 2813 413 2855 summa
440 2791 544 2856 virtus
571 2791 699 2875 fuisset,
726 2791 792 2856 1111
817 2792 903 2876 capti
926 2794 1046 2856 essent:
1078 2795 1209 2854 namet

196 2888 375 2953 munitione
415 2889 567 2973 praesidii
607 2889 654 2954 ita
689 2890 996 2974 coangustabantur,
1036 2891 1074 2952 ut
1110 2882 1208 2972 eques
1250 2893 1253 2900 ’

161 3002 177 3050 8
197 2986 302 3070 spatio
325 2986 500 3052 intercluso
522 2987 578 3052 1111
601 3009 635 3051 se
656 2987 824 3052 defendere
842 2989 959 3072 posset.
1000 2986 1052 3049 Ex
1070 2989 1208 3070 utroque

196 3103 311 3170 genere
338 3106 465 3170 pugnae
492 3084 673 3170 complures
701 3089 777 3150 sunt
803 3084 990 3150 vulneribus
1019 3083 1149 3168 adfecti,
1172 3084 1208 3148 in

196 3182 269 3265 quis
288 3182 385 3246 etiam
404 3181 534 3247 Clodius
553 3182 736 3268 Arquitins3
759 3183 844 3246 inter
864 3203 945 3266 quos
964 3182 1010 3246 its
1028 3181 1209 3246 cornminus

196 3284 246 3345 est
267 3285 459 3366 pugnatum,
486 3286 524 3346 ut
546 3304 585 3346 ex
608 3281 728 3346 nostris
751 3285 878 3365 praeter
901 3280 981 3345 duos
1005 3280 1207 3344 centuriones

195 3379 238 3442 sit
260 3400 354 3443 nemo
378 3378 575 3444 desideratus
599 3378 703 3464 gloria
725 3401 759 3444 se
782 3379 958 3444 efferentes.

103 3562 113 3563 ἶ
160 3493 174 3539 1
260 3473 396 3540 ΧΧΠΠ.
446 3474 580 3541 Postero
617 3476 668 3540 die
700 3477 740 3540 ad
773 3474 964 3542 Soricariam
995 3478 1207 3558 utrorumque

208 3595 370 3638 *cnvenere
403 3574 520 3657 copiae.
564 3571 679 3637 Nostri
709 3573 842 3639 brachia
873 3575 987 3639 ducere
1024 3576 1207 3656 coeperunt.
