2414 3968
495 223 571 279 OAP.
585 223 691 278 VI-X.
1050 225 1093 288 53

148 366 238 432 VIII.
285 366 401 432 Caesar
429 367 558 433 interim
585 368 619 431 in
647 365 827 432 Sardiniam
858 369 989 433 nuntios
1021 384 1127 432 cumr

81 465 202 529 litteris
225 469 258 529 et
280 465 314 529 in
336 464 477 548 reliquas
505 465 686 548 provincias
713 463 867 528 finitimas
895 464 1030 546 dimisit,
1057 466 1094 527 ut

83 561 146 625 sibi
161 560 289 644 auxilia,
308 564 514 643 commeatus,
532 560 741 644 frumentum,
759 560 951 645 simulatque
969 560 1094 624 litteras

82 658 247 744 legissent,
270 657 427 722 mittenda
450 661 611 742 curarent,
634 659 878 741 exoneratisque
900 657 1019 741 partim
1040 678 1093 719 na

82 755 178 820 vibus
203 755 309 840 longis
334 754 504 820 Rabirium
527 754 720 819 Postumum
748 755 782 819 in
810 752 954 819 Siciliam
981 754 1022 818 ad
1048 775 1094 817 se·

83 852 223 917 eundum
242 856 455 917 commeatum
474 851 700 917 arcessendum
720 852 832 916 mIttit.
868 849 1002 915 Interim
1017 899 1094 915 .....
1112 867 1129 914 a

84 971 157 1014 cum
175 967 200 1013 x
222 949 357 1014 navibus
379 949 487 1034 longis
509 949 551 1013 ad
569 947 710 1032 reliquas
728 970 825 1012 naves
844 948 1004 1012 onerarias
1023 968 1094 1011 con·

85 1045 268 1131 quirendas,
296 1068 377 1131 quae
405 1046 617 1130 deerrassent,
645 1048 678 1108 et
705 1043 802 1108 simul
828 1066 916 1108 mare
940 1044 1095 1109 tuendum

84 1144 124 1207 ab
147 1142 295 1208 hostibus
319 1142 410 1207 iubet
431 1142 601 1227 proficisci.
647 1140 731 1206 Item
758 1140 792 1205 0.
816 1139 1005 1206 Sallustium
1029 1139 1130 1204 Ori-3

84 1263 178 1324 spum
205 1244 386 1324 praetorem
413 1240 454 1304 ad
483 1238 648 1304 Cercinam
678 1235 815 1301 insulam
843 1259 968 1321 versus,
999 1259 1095 1320 quam

84 1336 256 1402 adversarii
275 1336 436 1421 tenebant,
459 1358 533 1401 cum
557 1339 649 1419 parte
671 1334 802 1398 navium
825 1333 872 1398 ire
890 1334 988 1418 iubet,
1010 1332 1096 1416 quod

84 1434 130 1498 ibi
153 1454 306 1517 magnum
328 1454 498 1498 numerum
528 1431 683 1496 frumenti
709 1452 779 1495 esse
807 1429 963 1494 audiebat.
1007 1428 1131 1493 Haec4

84 1531 131 1595 ita
162 1530 340 1614 imperabat
370 1530 561 1614 unicuique,
597 1529 643 1592 ita
678 1526 906 1612 praecipiebat,
941 1525 991 1590 uti
1025 1526 1096 1589 fieri

85 1631 217 1712 possent
246 1648 350 1710 neque
381 1625 488 1690 Iocum
521 1624 687 1690 excusatio
719 1622 844 1687 nullum
875 1622 1007 1687 haberet
1038 1644 1096 1687 nec
1187 1672 1189 1675 -

85 1743 209 1786 moram
235 1721 465 1806 tergitersatio.
511 1719 585 1805 Ipse
613 1722 735 1786 interea
762 1742 802 1784 ex
828 1720 972 1805 perfugis
995 1723 1027 1784 et
1049 1720 1131 1783 inc

86 1815 165 1883 colis
188 1818 326 1903 cognitis
348 1818 589 1884 condicionibus
615 1816 787 1900 Scipionis,
816 1820 848 1880 et
876 1816 932 1900 qui
958 1839 1031 1881 cum
1058 1836 1095 1880 eo

86 1913 207 1979 bellum
239 1918 350 1977 contra
381 1936 414 1978 se
447 1916 616 2000 gerebant,
647 1913 758 1977 mirari
785 1912 979 1997 —regium
1011 1914 1097 1977 enim

86 2010 266 2094 equitatum
289 2008 397 2094 Scipio
425 2032 464 2075 ex
491 2009 659 2096 provincia
680 2009 791 2073 Africa
813 2007 985 2072 alebat-
1007 2012 1098 2072 tanta

86 2106 232 2170 homines
254 2127 324 2170 esse
348 2105 514 2191 dementia,
537 2111 578 2171 ut
599 2106 715 2170 malint
734 2106 820 2191 regis
839 2126 907 2170 esse
924 2104 1097 2190 vectigales

87 2225 184 2288 quam
207 2224 281 2267 cum
303 2201 426 2267 civibus
449 2202 483 2267 in
506 2204 613 2287 patria
635 2204 670 2266 in
696 2203 763 2266 suis
789 2201 928 2266 fortunis
955 2223 1024 2267 esse
1051 2203 1097 2266 in·

86 2301 236 2366 columes.

151 2393 257 2461 VIIII.
304 2393 419 2460 Caesar
451 2418 477 2460 a
506 2396 535 2460 d
566 2414 606 2460 111
631 2395 715 2463 Non.
742 2395 808 2460 Ian.
842 2400 947 2461 castra
977 2402 1131 2482 movet31

85 2493 181 2577 Lepti
212 2514 269 2557 sex
300 2492 483 2557 cohortium
515 2493 676 2577 praesidio
708 2515 781 2558 cum
814 2491 950 2557 Saserna
985 2495 1097 2559 relicto

85 2592 155 2674 ipse
173 2611 293 2674 rursus,
312 2589 396 2654 unde
409 2590 513 2674 pridie
526 2593 665 2674 venerat,
683 2588 861 2672 Ruspinam
876 2611 949 2654 cum
965 2590 1097 2675 reliquis

86 2687 187 2771 copiis
215 2687 374 2751 convertit
401 2687 510 2771 ibique
540 2687 672 2752 sarcinis
700 2687 858 2751 exercitus
886 2687 1006 2751 relictis
1029 2688 1098 2772 ipse

87 2805 160 2849 cum
183 2783 332 2867 expedita
353 2806 450 2848 manu
473 2785 690 2868 proficiscitur
710 2784 829 2848 circum
847 2783 941 2847 villas
959 2783 1097 2849 frumen-

85 2885 190 2946 tatum
222 2881 455 2966 oppidanisque
487 2883 638 2966 imperat,
672 2886 710 2946 ut
740 2881 863 2963 plostra
893 2879 1097 2964 iumentaque

86 2977 195 3041 omnia
219 2998 251 3043 se
277 2983 460 3062 sequantur.
505 2976 620 3063 Itaque
648 2998 765 3062 magno
789 2999 922 3042 numero
944 2978 1132 3043 frumentis

86 3073 217 3136 invento
243 3072 422 3157 Ruspinam
449 3074 540 3139 redit.
591 3073 664 3140 Hoc
692 3097 765 3140 eum
797 3074 915 3140 idcirco
947 3077 1097 3140 existimo

85 3169 256 3253 recepisse,
278 3174 316 3234 ut
337 3171 501 3235 maritima
524 3171 643 3254 oppida
665 3174 740 3254 post
763 3192 797 3234 se
819 3192 859 3234 ne
881 3192 981 3235 vacua
1003 3171 1097 3235 relin-

86 3269 199 3349 queret
234 3267 456 3352 praesidioque
492 3268 620 3331 firmata
657 3266 698 3330 ad
736 3267 863 3331 classim
898 3265 1098 3350 receptacula

84 3363 235 3426 muniret.

152 3458 191 3523 X.
246 3457 358 3545 Itaque
394 3462 442 3526 ibi
476 3462 589 3526 relicto
626 3460 662 3525 P.
696 3459 844 3544 Saserna,
884 3460 982 3524 fratre
1019 3458 1130 3539 eius,1

85 3578 181 3642 quem
209 3555 303 3639 Lepti
330 3559 477 3640 proximo
506 3558 623 3641 oppido
651 3557 837 3642 reliquerat,
865 3578 937 3621 cum
967 3555 1093 3639 legione
