2414 3968
152 215 196 279 90
484 214 632 268 BELLUM
650 212 820 267 AFRICUM.

153 360 248 425 debat
266 360 362 424 etiam
382 357 463 423 haec
482 380 585 441 causa,
608 357 694 441 quod
711 357 958 440 elephantorum
974 359 1169 443 magnitudo

115 473 134 520 4
153 458 388 541 multitudoque
407 457 530 520 animos
549 455 689 519 militum
709 455 872 519 detinebat
890 457 925 520 iu
942 460 1085 521 terrore.
1115 456 1169 521 Oui

152 556 209 618 uni
230 556 277 619 rei
296 559 403 619 tamen
421 554 585 617 invenerat
602 553 791 616 remedium:
815 574 954 637 namque
976 553 1168 638 elephantos

152 674 192 716 ex
223 651 317 715 ltalia
348 650 561 733 transportari
592 649 742 733 iusserat,
775 670 838 734 quo
868 654 901 714 et
929 650 1029 715 miles
1060 656 1169 716 noster

152 749 352 832 speciemque
386 753 418 812 et
449 749 602 812 virtutem
633 746 755 810 bestiae
787 751 1011 832 cognosceret,
1052 752 1089 812 et
1120 749 1168 813 cui

151 848 237 930 parti
260 845 402 928 corporis
426 845 494 909 eius
517 844 617 908 telum
639 843 733 906 facile
757 843 844 927 adigi
866 847 992 929 posset,
1018 849 1167 910 ornatus·

153 964 214 1027 que
238 963 275 1005 ao
302 940 455 1004 loricatus
484 960 556 1004 oum
584 944 667 1004 esset
689 938 855 1024 elephans,
886 963 968 1025 quae
996 963 1079 1025 pars
1104 964 1167 1007 cor·

151 1040 240 1124 poris
264 1040 332 1102 eius
356 1039 424 1102 sine
447 1038 587 1122 tegmine
610 1039 695 1101 nuda
717 1035 961 1122 relinqueretur,
984 1042 1086 1104 uteo
1105 1039 1167 1104 tela

153 1137 362 1219 coicerentur;
388 1137 552 1218 praeterea
583 1137 619 1197 ut
646 1134 789 1198 iumenta
814 1132 994 1199 bestiarum
1023 1136 1167 1220 odorem,

153 1233 336 1316 stridorem,
366 1231 504 1315 speciem
532 1231 760 1296 cousuetudine
788 1235 882 1315 capta
907 1254 948 1297 ne
976 1233 1165 1299 reformida

116 1345 134 1395 ὁ
153 1333 232 1394 rent.
279 1328 401 1405 Quibus
425 1352 464 1393 ex
486 1329 581 1392 rebus
604 1327 736 1412 largiter
759 1331 827 1392 erat
855 1332 1063 1394 consecutus:
1092 1353 1165 1395 nam

153 1431 184 1491 et
202 1427 321 1490 milites
344 1425 465 1489 bestias
479 1424 627 1488 manibus
649 1425 888 1508 pertractabant
907 1446 1087 1511 canamque
1105 1432 1165 1492 tar·

153 1525 285 1588 ditatam
304 1521 547 1606 cognoscebant,
570 1521 755 1605 equitesque
774 1523 808 1587 in
826 1544 880 1586 eos
898 1523 966 1607 pila
982 1526 1165 1609 praepilata

153 1621 345 1703 coiciebant,
382 1622 478 1701 atque
513 1619 547 1681 in
580 1620 841 1684 consuetudinem
873 1642 973 1704 equos
1006 1623 1165 1706 patientia

152 1718 328 1782 bestiarum
352 1715 533 1779 adduxerat.

118 1829 132 1876 1
219 1810 366 1876 LXXIII.
403 1809 452 1874 Ob
470 1811 528 1875 has
548 1834 666 1898 causas,
690 1834 769 1898 quas
788 1835 885 1896 supra
903 1818 1163 1900 commemoravi,

154 1909 386 1974 sollicitabatur
414 1906 529 1972 Caesar
557 1910 740 1995 tardiorque
767 1914 800 1974 et
830 1911 1064 1977 consideratior
1097 1918 1164 1978 erat

153 2007 256 2070 factus
270 2009 302 2069 et
316 2027 355 2069 ex
377 2005 513 2088 pristina
529 2006 670 2071 bellandi
689 2008 917 2072 consuetudine
934 2008 1163 2096 celeritateqde

117 2105 339 2167 sexcesserat.
389 2100 503 2186 Neque
534 2104 666 2167 mirum:
699 2105 806 2188 copias
838 2105 924 2168 enim
956 2105 1102 2172 habebat
1131 2109 1162 2172 in

154 2199 258 2265 Gallia
283 2198 403 2263 bellare
430 2205 597 2265 consuetas
625 2200 704 2265 locis
732 2202 964 2286 campestribus
987 2206 1022 2267 et
1050 2209 1163 2270 contra

153 2296 271 2382 Gallos
293 2296 439 2361 homines
459 2302 585 2381 apertos
606 2298 800 2383 minimeque
823 2299 1004 2385 insidiosos,
1029 2302 1089 2385 qui
1107 2325 1163 2386 per

150 2397 317 2478 virtutem,
349 2416 414 2458 non
443 2417 500 2478 per
529 2395 639 2458 dolum
669 2395 818 2459 dimicare
849 2401 1058 2483 consuerunt3
1092 2403 1162 2464 turn

152 2496 258 2557 autem
290 2495 359 2555 erat
388 2491 417 2554 ei
446 2491 671 2575 laborandum,
703 2496 740 2556 ut
772 2492 1007 2558 consuefaceret
1039 2496 1162 2561 milites

151 2589 294 2654 hostium
322 2587 426 2670 dolos,
453 2588 598 2671 insidias,
627 2589 761 2653 artificia
788 2611 991 2674 cognoscere,
1021 2595 1056 2655 et
1084 2594 1163 2677 quid

116 2703 132 2750 3
153 2685 255 2769 sequi,
279 2683 357 2769 quid
378 2683 480 2746 vitare
504 2686 693 2749 conveniret.
739 2685 867 2771 Itaque,
891 2708 954 2771 quo
978 2687 1059 2754 haec
1082 2690 1162 2757 cele-

152 2784 218 2847 rius
246 2781 462 2864 conciperent,
495 2781 590 2846 dabat
617 2804 760 2867 operam,
792 2788 829 2847 ut
858 2783 1001 2868 legiones
1032 2808 1100 2851 non
1129 2789 1162 2853 in

152 2898 215 2940 uno
237 2877 307 2941 loco
332 2877 522 2960 contineret,
547 2877 602 2940 sed
624 2901 682 2963 per
705 2902 833 2945 causam
854 2881 1075 2948 frumentandi
1097 2884 1163 2949 huc

153 2977 248 3056 atque
270 2973 347 3037 illuc
368 2977 524 3058 rapsaret,
554 2975 625 3040 ideo
654 2979 739 3062 quod
761 2977 905 3043 hostium
928 2980 1037 3064 copias
1063 2983 1103 3047 ab
1129 3007 1163 3049 se

115 3089 273 3153 «nauoque
301 3071 437 3155 vestigio
467 3093 532 3135 non
562 3072 754 3138 discessuras
785 3075 998 3141 existimabat.
1050 3077 1163 3165 Atque

151 3169 226 3250 post
256 3167 339 3231 diem
368 3169 499 3232 tertium
528 3171 699 3253 productas
730 3173 908 3237 accuratius
935 3195 1010 3239 suas
1042 3179 1163 3264 copias,

109 3315 112 3322 .
152 3264 235 3327 sicut
275 3264 484 3349 instruxerat,
529 3272 660 3350 propter
700 3268 842 3333 hostium
881 3273 985 3334 castra
1020 3279 1162 3355 praeter-

152 3381 280 3444 gressus
303 3383 403 3444 aequo
425 3362 496 3426 loco
520 3364 635 3428 invitat
658 3365 698 3428 ad
721 3365 944 3430 dimicandum.
980 3366 1163 3455 Postquam

151 3457 322 3523 abhorrere
354 3480 408 3523 eos
439 3460 539 3543 videt,
571 3461 694 3525 reducit
725 3463 784 3527 sub
814 3485 984 3547 vesperum
1013 3465 1164 3551 legiones

151 3554 185 3618 in
209 3560 319 3620 castra.
