2414 3968
120 185 164 248 52
456 183 603 239 BELLUM
621 183 790 238 lrmccu.

119 327 170 412 lis,
192 332 230 393 ut
252 329 376 412 equites
397 328 504 392 minus
527 343 600 390 xxx
623 325 708 391 Galli
729 325 917 390 Maurorum
940 327 1095 411 equitum
1112 345 1137 392 11

84 424 210 488 rmilia
240 424 311 489 loco
342 423 498 508 pellerent
524 424 737 508 fugerentque
764 425 798 488 in
826 423 991 507 oppidum
1043 422 1136 488 Post·

119 545 214 606 quam
233 509 353 607 repulsi
371 527 404 587 et
422 521 558 586 coniecti
576 525 667 585 erant
685 521 771 585 intra
788 520 998 605 munitioneS,
1018 519 1137 585 Caesar

84 620 181 683 citer
212 621 424 684 constitutum
457 619 502 682 ire
535 618 707 682 contendit.
763 616 856 694 Quod
891 639 965 681 cum
1004 617 1135 701 saepius

118 716 259 782 facerent
282 720 314 781 et
336 715 432 780 modo
455 716 709 798 insequerentur,
730 714 826 779 modo
849 736 962 778 rursus
984 714 1027 779 ab
1047 715 1134 799 equi·

118 813 207 878 tibus
228 814 263 877 in
286 813 440 896 oppidum
467 811 709 896 repellerentur,
737 812 924 878 cohortibus
950 812 1068 896 paucis
1096 834 1134 876 ex

117 910 291 993 veteranis,
323 930 401 993 quas
434 930 541 972 secum
573 907 725 993 habebat,
760 909 794 973 in
826 912 969 974 extremo
1004 909 1134 994 agmine

119 1007 293 1071 conlocatis
316 1010 349 1070 et
370 1009 461 1090 parte
484 1005 647 1089 equitatus
670 1006 732 1070 iter
753 1005 869 1070 leniter
896 1028 969 1070 cum
997 1006 1133 1091 reliquis

85 1104 221 1167 efacere
245 1103 358 1186 coepit.
403 1101 454 1167 Ita
481 1106 601 1186 quanto
629 1101 758 1187 longius
786 1103 826 1167 ab
850 1103 967 1186 oppido
992 1103 1132 1169 discede

118 1200 223 1283 batur,
244 1204 335 1265 tanto
357 1199 513 1264 tardiores
536 1199 577 1263 ad
599 1197 831 1283 insequendum
851 1204 943 1265 erant
958 1198 1131 1266 Numidae.

85 1293 252 1360 rInterim
280 1296 313 1360 in
341 1296 455 1361 itinere
484 1317 525 1360 ex
556 1294 684 1378 oppidis
715 1301 749 1361 et
779 1297 919 1362 castellis
950 1295 1132 1382 legationes

59 1408 64 1417 ·
118 1393 226 1459 venire
253 1398 286 1458 et
312 1393 456 1478 polliceri
483 1392 681 1457 frumentum
708 1396 900 1476 paratosque
932 1414 1017 1478 esse,
1050 1416 1132 1479 quae

119 1491 319 1574 imperasset,
350 1489 461 1555 facere.
512 1487 626 1574 Itaque
657 1511 696 1554 eo
727 1489 778 1554 die
810 1493 916 1554 castra
944 1490 1059 1573 posuit
1093 1492 1132 1556 ad

120 1587 272 1670 oppidum
294 1587 481 1670 Ruspinam.
532 1605 534 1610 ·

86 1698 100 1744 1
185 1681 257 1747 VII.
301 1682 372 1746 Kal.
399 1673 557 1746 Ianuariis
593 1682 667 1747 inde
701 1683 804 1747 movit
839 1685 872 1747 et
906 1683 1057 1766 pervenit
1092 1685 1132 1749 ad

121 1780 274 1864 oppidum
291 1778 427 1862 Leptim,
449 1777 583 1843 liberam
607 1779 769 1845 civitatem
793 1783 825 1844 et
848 1778 1034 1845 immunem.
1072 1781 1131 1846 Le

121 1879 189 1963 gati
221 1899 260 1941 ex
291 1875 408 1959 oppido
441 1876 568 1940 obviam
599 1877 745 1961 veniunt,
780 1876 919 1940 libenter
954 1897 989 1940 se
1021 1881 1132 1944 omnia

86 1989 102 2036 a
120 1977 270 2058 facturos,
293 1995 373 2058 quae
391 1971 496 2057 vellet,
519 1973 718 2057 pollicentur.
755 1971 868 2056 Itaque
887 1972 1130 2040 centurionibus

121 2073 161 2136 ad
183 2075 292 2155 portas
314 2069 425 2153 oppidi
447 2073 479 2134 et
502 2069 656 2134 custodiis
679 2069 853 2152 impositis,
876 2091 916 2132 ne
939 2071 1013 2153 quis
1036 2073 1130 2138 miles

121 2171 154 2234 in
177 2168 330 2252 oppidum
352 2167 500 2231 introiret
522 2170 578 2231 aut
600 2166 749 2230 iniuriam
771 2165 891 2229 faceret
914 2166 1056 2249 cuipiam
1084 2169 1129 2233 in-

121 2266 216 2349 colae,
238 2286 303 2328 non
320 2263 415 2348 longe
434 2265 473 2328 ab
493 2263 610 2347 oppido
630 2261 804 2326 secundum
822 2260 900 2326 litus
918 2262 997 2328 facit
1015 2270 1130 2330 castra.

86 2363 305 2446 allodemque
331 2383 428 2426 naves
455 2361 616 2425 onerariae
645 2363 677 2424 et
703 2359 819 2443 longae
851 2360 1025 2426 nonnullae
1054 2385 1130 2428 casu

121 2461 328 2542 advenerunt3
363 2458 517 2542 reliquae,
548 2461 585 2522 ut
617 2460 667 2520 est
698 2457 728 2520 ei
760 2457 957 2541 nuntiatum,
988 2459 1129 2525 incertae

85 2559 263 2623 4locorum
293 2554 422 2620 Uticam
453 2576 564 2618 versus
595 2557 703 2636 petere
734 2553 821 2616 visae
856 2556 939 2616 sunt.
993 2553 1129 2623 Interim

122 2653 236 2718 Caesar
259 2652 380 2716 amari
402 2672 468 2714 non
491 2650 614 2734 digredi
636 2671 739 2732 neque
762 2650 993 2715 mediterranea
1019 2659 1129 2737 petere

121 2754 252 2834 propter
294 2749 424 2813 navium
461 2768 600 2811 errorem
644 2745 885 2830 equitatumque
921 2747 955 2811 in
991 2751 1129 2816 navibus

123 2868 247 2911 omnem
279 2845 454 2927 continere,
485 2847 522 2907 ut
555 2843 704 2925 arbitror,
739 2865 779 2907 ne
811 2845 881 2928 agri
911 2849 1129 2933 vastarentur3

88 2956 237 3026 taquam
264 2943 297 3006 in
324 2964 420 3007 naves
447 2941 536 3005 iubet
563 2939 763 3023 comportari.
812 2937 963 3024 Remiges
988 2942 1128 3027 interim,

124 3039 179 3122 qui
219 3043 370 3122 aquatum
410 3060 427 3102 e
467 3037 602 3101 navibus
648 3036 804 3119 exierant,
850 3036 958 3100 subito
1003 3042 1128 3124 equites

123 3135 227 3199 Mauri
262 3157 363 3218 nequo
398 3134 602 3218 opinantibus
635 3134 832 3199 Caesarianis
867 3134 971 3198 adorti
1006 3137 1129 3203 multos

89 3232 234 3296 ciaculis
267 3231 545 3313 convulnerarunt,
577 3230 747 3296 nonnullos
779 3231 1015 3298 interfecerunt.
1069 3234 1128 3299 La

123 3332 192 3393 tent
223 3329 308 3395 enim
339 3329 372 3391 in
403 3328 527 3392 insidiis
560 3350 632 3393 oum
664 3328 754 3410 equis
787 3328 871 3391 inter
902 3329 1062 3395 convalles
1097 3337 1129 3397 et

123 3425 229 3491 subito
262 3424 416 3509 existunt,
447 3447 512 3489 non
543 3428 581 3489 ut
611 3424 646 3488 in
678 3446 788 3509 campo
821 3427 999 3491 comminus
1031 3429 1129 3514 depu-

81 3527 231 3688 hquiunt.
