2414 3968
414 181 487 235 VIII.
510 180 720 273 EPISTULAE.
915 220 918 228 .
1008 181 1074 245 215

344 323 569 378 INCERYUM
583 324 641 378 AD
663 323 787 393 QUEM.
1083 335 1178 420 30¹3&

133 429 187 485 Cic.
208 431 245 484 ad
262 431 320 486 Ait.
340 431 402 498 XI,
416 435 476 496 t,7
495 435 533 500 (a.
548 431 575 485 d.
594 430 644 484 IV
654 431 721 485 Kal.
735 430 824 498 Dec).
861 429 906 485 De
923 431 982 498 ilio
1000 430 1073 485 nrlril
1106 433 1151 483 (48)

58 502 167 568 oadiai,
185 503 232 556 sed
250 519 349 571 qaaere
367 519 401 557 ea
417 502 570 568 Diochare,
589 501 716 557 Caesaris
735 503 838 568 liberto,
857 518 935 570 qaern
952 517 1000 572 eqo
1017 518 1075 556 non

58 573 131 639 nidi,
158 574 207 642 qai
234 574 301 628 istas
324 573 503 629 Alexandrea
530 575 634 629 litteras
660 573 768 629 attalit:
794 573 823 637 is¹
846 574 948 628 dicitnr
975 574 1075 628 ordisse

58 652 165 700 ceratem
183 662 222 698 aa
240 645 297 699 iarn
314 645 347 699 in
364 645 443 700 Asia.

450 788 509 841 AD
526 784 685 840 AMICOS.

131 894 208 948 Plnl.
220 893 293 949 Caes.
304 897 349 948 ts.
390 897 456 956 Τοῖς
474 891 505 947 δὲ
524 889 617 962 φίλοις
635 893 675 955 εἰς
688 890 796 962 Ῥώμην
814 891 945 963 ἔγραφεν,
965 890 1007 946 ὅτι
1025 901 1076 963 τῆς

58 961 139 1034 νίκης
157 965 295 1020 ἀπολαύοι
313 972 395 1019 τοῦτο
414 962 542 1035 μέγιστον
559 965 609 1018 καὶ
626 961 750 1032 ἥδιστον,
767 963 799 1018 τὸ
819 966 913 1029 σώζειν
931 963 1011 1027 τινὰς
1029 964 1074 1018 del

59 1044 115 1090 τῶν
133 1033 366 1106 πεπολεμηκότων
383 1039 504 1096 πολιτῶν
522 1036 605 1109 αὐτῷ.

380 1215 439 1269 AD
459 1214 501 1269 M.
521 1212 751 1269 ANTONIUM.

131 1310 185 1366 Cic.
205 1312 243 1366 ad
260 1313 318 1368 Att.
337 1313 394 1380 XI,
409 1315 468 1380 7,2
487 1316 525 1381 (a.
536 1312 563 1366 d.
578 1311 658 1365 XIV
669 1310 736 1364 Kal.
750 1311 837 1379 Ian).
874 1310 921 1365 Ad
939 1327 981 1366 me
998 1312 1075 1366 misit

58 1381 200 1439 Antonias
216 1385 368 1453 exemplam
383 1383 509 1438 Caesaris
527 1384 565 1437 ad
582 1398 610 1437 se
628 1383 789 1449 litteratam,
807 1382 839 1435 ia
852 1382 951 1451 qaibas
969 1389 1028 1438 erat
1045 1399 1074 1438 se

58 1455 168 1510 aadisse
187 1454 316 1510 Catonern
338 1461 363 1510 et
381 1455 415 1510 L.
435 1455 578 1509 Metellum
599 1454 632 1507 in
648 1453 764 1507 Italiam
781 1453 897 1520 oeaisse,
920 1453 1024 1509 Εοοιοο
1041 1460 1074 1508 at

58 1532 147 1582 essent
161 1527 275 1595 qalam;
303 1527 333 1580 id
351 1527 405 1581 sibi
426 1543 485 1581 aon
498 1527 621 1595 placere,
646 1541 681 1580 ne
698 1525 747 1594 qai
764 1531 852 1580 motas
869 1541 903 1580 en
921 1542 950 1580 eo
969 1526 1073 1592 fierent,

54 1598 246 1666 proniberiqae
264 1614 355 1652 omnes
366 1598 466 1665 Italia,
483 1599 541 1652 nisi
558 1612 674 1666 qnoram
692 1596 750 1665 ipse
767 1597 1073 1668 cenomannensem
1116 1639 1117 1642 η

57 1667 142 1736 deqae
160 1685 189 1722 eo
207 1669 386 1724 vehementiae
404 1675 463 1724 erat
481 1669 619 1737 scriptam.

253 1826 312 1882 AD
332 1827 392 1882 CN.
411 1827 632 1883 DOMITIUM
649 1827 875 1883 CALVINUM.

130 1923 200 1979 Bell.
218 1923 299 1978 Aleae.
319 1927 368 1991 34,
382 1928 407 1979 3,
444 1924 492 1979 Ad
515 1924 631 1994 leqioaes
649 1926 788 1993 profectas
809 1942 896 1979 ινοοοι
918 1942 952 1980 eto
974 1926 1073 1993 tribas,

58 1994 211 2062 XXXVI,
232 2011 322 2050 secam
339 1995 428 2063 dacit,
451 1997 523 2050 dans
545 1995 577 2049 in
594 1995 749 2066 Aeqqptam
772 1997 814 2050 ad
829 1997 971 2051 Caesarem
989 1997 1073 2052 mittit

60 2067 158 2122 litteris
176 2067 235 2120 cias
252 2072 382 2121 evocatas.

129 2137 201 2192 Bell.
220 2137 300 2192 Alea.
319 2141 400 2205 38,1.
433 2137 569 2191 Proxima
586 2142 662 2191 nocte
680 2137 839 2191 Pharnaces
855 2138 1012 2206 interceptis
1030 2144 1072 2192 ta·

59 2208 195 2275 bellariis,
218 2209 266 2277 qai
284 2209 317 2263 de
334 2208 537 2263 Alemandrinis
554 2208 633 2262 rebas
653 2207 757 2262 litteras
775 2208 812 2261 ad
830 2207 986 2262 Domitiam
1003 2209 1071 2275 sere·

59 2281 139 2345 lant,
158 2280 294 2350 coqnoscit
313 2278 454 2335 Caesarem
472 2295 571 2350 neaqno
589 2279 621 2332 ia
635 2279 758 2346 pericalo
776 2279 880 2333 versari
897 2280 1073 2348 (laqitariqae

58 2350 94 2404 ab
107 2351 241 2417 Domitio,
258 2357 290 2405 at
308 2367 389 2419 qaam
403 2351 527 2419 primam
541 2349 654 2405 Caesari
671 2350 796 2404 salsidia
814 2350 928 2405 mitteret
942 2351 1072 2419 propias·

58 2438 109 2491 qae
126 2423 184 2491 ipse
201 2422 406 2477 Alexandriam
419 2438 470 2490 mer
488 2420 600 2492 Syriam
617 2420 758 2476 accederet.

383 2617 409 2653 a.
428 2617 455 2655 a.
475 2615 496 2654 c.
515 2598 659 2653 DCCVII
674 2601 744 2668 (tr).

1086 2611 1106 2640 a.
1117 2611 1140 2640 u.
1151 2610 1171 2640 e.

262 2706 321 2760 AD
344 2706 387 2760 M.
409 2706 602 2762 TULLIUM
618 2705 863 2761 CICERONEM.
1071 2653 1182 2757 Dcffiu

130 2813 184 2868 Cic.
208 2814 246 2867 ad
268 2813 325 2868 Att.
345 2813 406 2881 XI,
421 2817 500 2879 16,1
528 2817 566 2882 (a.
585 2813 612 2868 d.
631 2814 688 2867 III
701 2813 776 2867 Noa.
795 2813 882 2878 Ian).
924 2810 992 2865 Non
1014 2828 1072 2866 meo

57 2884 125 2939 nitio
142 2885 186 2950 dt,
211 2886 260 2939 loc
278 2885 386 2953 qaidem
403 2890 518 2954 tempore
536 2916 571 2924 —
590 2891 653 2939 ante
671 2885 744 2939 enim
761 2890 800 2939 est
813 2888 955 2952 peccatam
974 2913 1022 2950 —,
1039 2889 1072 2938 at

57 2971 98 3008 noe
121 2955 175 3008 ista
198 2957 312 3024 epistola
333 2955 405 3010 aad
428 2957 594 3022 consoletar5
620 2973 687 3010 nora
709 2962 734 3010 et
755 2956 851 3026 eaiqae
869 2954 973 3022 scripta
990 2960 1029 3008 est
1046 2961 1072 3009 et
1160 2962 1161 2966 ’

57 3026 225 3093 suspiciones
243 3043 358 3096 maqnas
372 3027 455 3083 lalnt
471 3043 529 3081 non
547 3043 600 3081 esse
619 3027 654 3080 ab
672 3027 734 3093 illo,
757 3043 826 3096 qaas
848 3025 1072 3081 animadvertisse

57 3103 83 3151 te
100 3097 231 3151 existimo.
256 3129 289 3136 -
317 3098 365 3152 Ad
382 3098 439 3153 Att.
460 3098 520 3165 XI,
538 3102 615 3164 17,3
635 3101 673 3166 (a.
692 3099 719 3152 d.
739 3097 837 3151 XVII
852 3096 918 3150 Kal.
940 3095 1069 3165 Qninct).

58 3167 149 3221 Illam
171 3168 206 3221 ab
228 3168 406 3223 Alemondrea
428 3169 580 3224 discessisse
601 3186 678 3223 nemo
700 3170 826 3234 naaliel,
854 3173 1009 3236 constatqae
1036 3185 1071 3223 ne

56 3238 209 3307 profectam
227 3240 335 3307 qaidem
356 3241 428 3294 illim
451 3257 610 3309 quemqnam
629 3246 692 3309 post
709 3241 780 3294 Idas
799 3240 923 3294 Martias
945 3255 994 3294 nec
1007 3245 1072 3308 post

57 3310 129 3363 Idas
141 3308 280 3364 Decembr.
300 3311 335 3363 ab
353 3311 402 3365 illo
420 3312 501 3366 datas
518 3312 592 3366 allos
610 3312 723 3379 litteras,
741 3328 775 3366 ea
788 3327 840 3380 qao
854 3309 985 3382 intelliqis
998 3311 1070 3364 illad

57 3381 91 3435 de
116 3380 212 3435 litteris
234 3398 259 3436 a.
279 3381 306 3434 d.
326 3381 353 3434 V
371 3382 415 3436 Id.
435 3383 516 3437 Febr.
536 3384 662 3438 dotis-
682 3383 754 3451 qaod
771 3382 855 3436 inane
873 3388 946 3448 esset,
964 3381 1071 3437 etiamsi

57 3468 151 3507 oerarn
169 3458 234 3505 esset
251 3483 286 3491 -
304 3468 362 3505 non
378 3469 471 3508 aeram
489 3471 550 3508 esse.
570 3486 604 3494 -
623 3453 670 3507 Ad
684 3453 764 3507 Fam.
780 3453 832 3507 XI
834 3453 894 3520 V,8
913 3453 1071 3522 (Terentiae

57 3541 83 3577 a.
99 3523 125 3575 d.
147 3522 196 3576 IV
212 3524 286 3577 Non.
305 3524 392 3591 Ian).
431 3524 510 3594 Qnod
528 3526 646 3580 celeriter
664 3542 705 3579 me
722 3525 812 3591 fecisti
829 3525 862 3578 de
882 3524 1007 3580 Caesaris
1025 3524 1069 3578 lit-

58 3594 123 3650 teris
142 3595 289 3662 certiorem,
306 3595 396 3661 fecisti
413 3596 481 3650 atat
497 3604 614 3666 qratnm.
