2414 3968
117 197 159 260 28
386 194 534 249 BELLUM
552 192 855 248 ALEXANDRINUM.

113 342 175 405 bus
193 345 317 405 retenta
336 363 401 405 non
419 344 546 404 tantum
565 340 634 403 sine
653 337 839 422 ignominia,
860 335 1038 401 sedetiam
1058 358 1129 401 cum

80 438 206 501 alaude
234 442 309 502 erat.
356 437 505 521 Namque
533 457 570 500 eo
598 435 717 500 missus
747 438 867 499 aestate
897 456 972 498 cum
1004 433 1130 498 duabus

114 534 294 620 legionibus
318 533 354 611 Q.
379 533 578 617 Oomificius,
601 531 745 597 Caesaris
769 535 929 616 quaestor,
952 552 1015 614 pro
1039 553 1126 614 prae·

114 637 197 717 tore,
230 655 424 718 quamquam
457 636 525 696 erat
559 631 727 714 provincia
758 630 891 693 minime
923 629 1059 713 copiosa
1090 629 1127 694 ad

114 732 272 795 exercitus
300 729 430 794 alendos
458 733 491 793 et
518 728 657 791 finitimo
687 728 772 792 bello
802 749 839 791 ac
871 727 1128 791 dissensionibus

115 829 259 893 confecta
280 832 314 892 et
331 831 466 910 vastata,
489 830 596 889 tamen
618 825 789 908 prudentia
812 846 848 888 ac
872 823 1045 909 diligentia
1062 846 1130 909 sua,

115 926 200 1009 quod
222 946 374 1009 magnam
398 945 507 988 curam
530 921 738 1006 suscipiebat,
760 942 800 984 ne
824 941 888 1004 quo
911 924 1035 984 temere
1057 942 1128 1004 pro

79 1021 309 1105 egrederetur,
332 1023 364 1084 et
386 1019 507 1102 recepit
525 1022 557 1082 et
576 1018 725 1083 defendit.
771 1018 919 1103 Namque
942 1022 976 1082 et
995 1017 1129 1082 castella

115 1117 280 1200 complura
305 1117 385 1181 locis
413 1116 507 1180 editis
535 1116 656 1199 posita,
684 1137 821 1199 quorum
850 1114 1058 1198 oportunitas
1081 1137 1127 1179 ca·

116 1213 268 1277 atellanos
286 1213 472 1297 impellebat
490 1212 530 1276 ad
548 1212 750 1277 decursiones
773 1212 934 1277 faciendas
953 1215 988 1275 et
1005 1211 1127 1277 bellum

116 1310 328 1395 inferendum,
357 1310 556 1396 expugnavit
579 1330 678 1393 eaque
700 1309 819 1392 praeda
840 1308 961 1373 milites
985 1307 1128 1392 donavit,

116 1428 196 1490 quae
215 1407 277 1471 etsi
295 1412 364 1471 erat
386 1407 502 1490 tenuis,
524 1410 633 1470 tamen
651 1405 685 1469 in
704 1410 797 1470 tanta
813 1405 999 1490 prouinciae
1018 1406 1127 1490 despe

115 1505 239 1568 ratione
267 1510 335 1568 erat
362 1508 469 1589 grata,
496 1504 684 1587 praesertim
711 1503 833 1567 virtute
860 1505 966 1586 parta,
998 1506 1127 1566 etcum

117 1598 268 1664 Octavius
296 1621 336 1663 ex
362 1599 440 1684 fuga
467 1598 645 1665 Pharsalici
674 1599 790 1683 proelii
820 1619 938 1683 magna
964 1597 1068 1665 classe
1095 1601 1128 1664 in

117 1696 208 1759 illum
237 1717 270 1759 se
297 1696 404 1759 sinum
428 1697 630 1781 contulisset,
656 1697 768 1781 paucis
791 1697 927 1760 navibus
950 1693 1124 1762 Iadertino

117 1815 198 1876 rum,
221 1814 357 1877 quorum
376 1813 501 1875 semper
519 1793 553 1856 in
575 1793 806 1877 rempublicam
828 1793 991 1877 singulare
1012 1795 1128 1859 consti·

117 1894 200 1953 terat
223 1888 379 1973 officium,
406 1888 559 1972 dispersis
583 1888 766 1954 Octauianis
789 1888 927 1954 navibus
953 1895 1024 1955 erat
1046 1893 1128 1975 poti·

118 1990 184 2069 tus,
215 1990 254 2049 ut
280 1985 331 2049 vel
358 1985 458 2049 classe
487 1986 638 2051 dimicare
664 1991 774 2070 posset
802 1987 961 2050 adiunctis
990 1989 1130 2072 captivis

82 2097 99 2144 4
118 2084 254 2147 navibus
277 2082 444 2146 sociorum.
491 2080 572 2147 Cum
594 2083 814 2148 diversissima
840 2087 931 2167 parte
955 2083 1044 2149 orbis
1068 2090 1128 2151 ter·

118 2203 226 2245 rarum
254 2177 309 2243 On.
331 2179 523 2264 Pompeium
552 2179 667 2245 Caesar
696 2182 801 2245 victor
830 2184 1018 2265 sequeretur
1045 2204 1129 2248 com·

117 2279 289 2363 pluresque
307 2277 504 2342 adversarios
527 2279 562 2342 in
580 2277 749 2362 Illyricum
770 2282 903 2362 propter
921 2276 1130 2345 Macedoniae

116 2375 392 2460 propinquitatem
415 2396 448 2438 se
471 2374 616 2459 reliquiis
635 2399 675 2440 ex
692 2377 773 2460 fuga
791 2375 934 2439 collectis
953 2377 1131 2443 contulisse

118 2473 255 2555 audiret,
277 2471 402 2554 litteras
425 2472 465 2535 ad
489 2470 663 2536 Gabinium
686 2473 802 2556 mittit,
824 2472 875 2536 uti
899 2494 972 2536 cum
994 2472 1131 2558 legioni·

117 2572 177 2635 bus
200 2570 352 2652 tironum,
376 2591 457 2652 quae
480 2590 582 2652 nuper
605 2574 696 2634 erant
716 2570 926 2653 conscriptae,
948 2571 1132 2654 proficisce

117 2672 207 2732 retur
228 2667 263 2731 in
280 2664 448 2749 Illyricum
472 2666 716 2750 coniunctisque
739 2666 842 2750 copiis
867 2688 939 2730 cum
963 2665 1000 2742 Q.
1020 2665 1133 2733 Corni-

118 2763 201 2846 ficio,
215 2764 244 2827 si
258 2762 344 2846 quod
357 2761 536 2846 periculum
550 2763 733 2845 provinciae
747 2762 928 2848 inferretur,
943 2764 1133 2851 depelleret3

120 2860 170 2923 sin
193 2881 230 2923 ea
256 2880 322 2923 non
348 2859 474 2944 magnis
500 2859 601 2943 copiis
630 2864 702 2924 tuta
724 2881 793 2924 esse
820 2865 943 2945 posset,
969 2861 1012 2924 in'
1027 2860 1133 2926 Mace·

85 2975 101 3023 5
121 2955 248 3019 doniam
262 2956 405 3040 legiones
424 2957 602 3021 adduceret.
643 2956 778 3022 Omnem
794 2957 878 3020 enim
897 2956 986 3021 illam
1005 2961 1134 3041 partem

120 3052 347 3136 regionemque
369 3053 443 3117 vivo
468 3051 522 3117 On.
546 3052 700 3137 Pompeio
728 3053 850 3118 bellum
878 3053 1135 3118 instauraturum

122 3171 189 3213 esse
214 3149 370 3228 credebat.

87 3265 101 3311 1
187 3243 369 3310 XXXXIH.
399 3245 553 3312 Gabinius
577 3248 670 3311 utin
694 3246 859 3331 illyricum
883 3249 972 3312 venit
994 3248 1136 3314 hiberno

121 3346 264 3426 tempore
288 3342 364 3405 anni
392 3364 428 3406 ac
456 3344 580 3408 difficili
606 3345 673 3407 sive
697 3346 908 3429 copiosiorem
930 3347 1137 3431 provinciam

122 3438 310 3503 existimans
333 3439 400 3502 sive
423 3441 562 3505 multum
584 3441 732 3505 fortunae
755 3442 887 3514 victoris
911 3441 1059 3508 Caesaris
1078 3446 1137 3510 tri-

121 3533 224 3600 buens
248 3536 316 3600 sive
338 3535 457 3600 virtute
481 3542 513 3601 et
536 3538 670 3601 scientia
693 3560 750 3601 sua
773 3540 912 3603 confisus
919 3589 927 3623 ,
952 3561 1016 3623 qua
1038 3563 1138 3625 saepe
