2414 3968
117 199 161 262 80
450 197 598 253 BELLUM
616 195 785 251 armauit.

116 364 187 407 meo
207 343 348 407 exercitu
366 343 493 407 ordines
512 341 644 425 ducatis,
661 341 841 424 missosque
858 339 943 404 facio
963 343 1007 424 et,
1031 361 1127 423 quan·

115 443 186 503 tum
212 443 301 524 pote,
333 439 443 503 abesse
476 461 516 503 ex
542 437 653 502 Africa
684 437 799 502 iubeo?
843 434 959 520 Itaque
990 436 1127 500 traditos

115 537 355 602 centurionibus
374 539 407 601 et
425 535 561 619 singulis
584 557 649 600 non
668 533 806 618 amplius
829 532 978 618 singulos
1002 532 1125 598 addItos

81 656 225 699 servos
247 634 281 698 in
303 655 418 698 navem
440 632 650 716 imponendos
673 631 846 715 separatim
869 631 1005 695 curavit

81 747 96 796 1
180 729 246 795 LV.
289 729 417 796 Gaetuli
444 729 574 793 interim
601 727 768 813 perfugae,
796 749 877 812 quos
905 749 982 791 cum
1008 726 1125 792 litteris

115 827 336 936 mandatisque
351 849 371 890 a
383 824 517 891 Caesare
535 826 651 890 missos
670 846 768 909 supra
790 823 969 908 docuimus,
993 824 1035 888 ad
1053 846 1125 889 suos

115 923 200 987 11111
230 922 429 1006 perveniunt.
475 920 618 998 Quorum
651 921 841 986 auctoritate
870 920 966 986 facile
998 921 1125 986 adducti

116 1018 322 1103 Caesarisque
349 1018 479 1082 nomine
505 1019 649 1102 persuasi
677 1041 697 1084 a
727 1039 803 1104 rege
829 1017 910 1083 Iuba
940 1017 1126 1083 desciscunt

69 1195 72 1201 ἢ
116 1115 323 1201 celeriterque
345 1117 453 1180 cuncti
481 1138 570 1179 arma
597 1115 728 1199 capiunt
751 1119 926 1199 contraque
948 1136 1063 1200 regem
1084 1115 1125 1179 fa

81 1232 98 1280 2
117 1234 186 1277 1111
203 1235 268 1277 111
287 1213 442 1279 dubitant.
490 1211 613 1289 Quibus
631 1212 727 1276 rebus
747 1211 885 1296 cognitis
902 1208 987 1277 Iuba
1010 1211 1125 1276 disten-

115 1311 168 1372 tus
195 1308 315 1393 triplici
342 1307 426 1373 bello
460 1309 712 1393 necessitateque
745 1313 873 1375 coaetus
906 1308 945 1374 de
977 1311 1048 1374 suis
1081 1332 1126 1376 co-

114 1405 186 1491 piis,
210 1429 289 1491 quas
312 1411 425 1472 contra
448 1405 614 1471 Caesarem
637 1405 822 1491 adduxerat,
845 1428 903 1470 sex
924 1406 1077 1473 cohortes
1095 1409 1127 1472 in

114 1504 194 1568 fines
225 1506 317 1590 regni
348 1505 400 1570 sui
431 1504 546 1588 mittit,
579 1524 659 1587 quae
687 1506 795 1571 essent
823 1503 988 1588 praesidio
1017 1508 1128 1570 contra

117 1600 278 1666 Gaetulos,

82 1717 96 1765 1
181 1697 265 1763 LVI.
303 1697 418 1762 Caesar
439 1696 580 1761 brachiis
604 1697 755 1782 perfectis
777 1697 1001 1782 promotisque
1025 1720 1128 1784 usque

117 1816 167 1877 eo,
199 1815 262 1876 quo
295 1794 395 1858 telum
427 1816 467 1857 ex
498 1793 616 1876 oppido
648 1794 736 1879 adigi
766 1815 832 1859 non
863 1798 990 1880 posset,
1023 1801 1129 1862 castra

116 1890 235 1973 munit,
261 1890 400 1954 ballistis
428 1890 712 1974 scorpionibusque
740 1890 859 1955 crebris
883 1894 957 1956 ante
984 1891 1128 1959 frontem

117 1990 294 2050 castrorum
317 1990 428 2050 contra
451 1986 604 2070 oppidum
633 1987 808 2052 conlocatis
836 1986 1021 2054 defensores
1042 1991 1128 2055 muri

117 2082 275 2147 deterrere
301 2105 366 2147 non
397 2083 585 2148 intermittit
613 2105 713 2168 eoque
742 2084 883 2168 quinque
914 2084 1060 2171 legiones
1089 2110 1129 2153 ex

81 2180 334 2264 asuperioribus
359 2180 472 2245 castris
496 2180 632 2246 deducit.
679 2180 748 2258 Qua
770 2180 923 2247 facultate
949 2183 1059 2250 oblata
1082 2186 1128 2250 iu·

115 2276 282 2342 lustriores
309 2278 532 2362 notissimique
560 2281 768 2363 conspectum
792 2277 970 2342 amicorum
996 2280 1128 2364 propin·

117 2396 316 2458 quorumque
334 2374 556 2459 efflagitabant
574 2380 673 2460 atque
691 2375 775 2439 inter
793 2397 828 2439 se
842 2374 1127 2460 conloquebantur.

81 2470 203 2548 eQuae
230 2493 281 2535 res
305 2471 383 2554 quid
408 2471 562 2536 utilitatis
586 2472 732 2557 haberet,
761 2471 928 2537 Gaesarem
950 2495 1018 2538 non
1039 2473 1128 2540 falle

115 2569 184 2634 bat:
207 2589 345 2653 namque
366 2567 493 2632 Gaetuli
511 2591 551 2632 ex
569 2569 716 2653 equitatu
739 2570 828 2652 regio
847 2569 1023 2638 nobiliores
1041 2573 1129 2656 equi·

116 2670 249 2750 tumque
285 2665 453 2750 praefecti,
490 2687 627 2749 quorum
663 2669 771 2750 patres
808 2688 881 2731 eum
912 2666 1017 2733 Mario
1054 2673 1129 2735 ante

116 2767 298 2827 meruerant
331 2762 462 2846 eiusque
493 2762 648 2828 beneficio
682 2763 768 2847 agris
801 2763 985 2848 finibusque
1017 2764 1129 2830 donati

116 2863 191 2943 post
214 2858 320 2942 Syllae
343 2860 512 2924 victoriam
535 2859 595 2923 sub
617 2857 815 2944 Hiempsalis
838 2861 923 2944 regis
947 2866 1041 2926 erant
1062 2862 1130 2927 dati

116 2958 323 3038 potestatem,
351 2956 516 3022 occasione
543 2960 636 3040 capta
663 2961 757 3021 nocte
786 2956 851 3020 iam
878 2955 1058 3024 luminibus
1080 2981 1129 3025 ac·

117 3050 220 3115 censis
243 3073 316 3114 cum
339 3053 430 3135 equis
454 3053 684 3136 calonibusque
707 3052 774 3118 suis
798 3053 924 3117 circiter
945 3053 1037 3119 mille
1060 3078 1130 3140 per·

116 3146 247 3231 fugiunt
269 3147 303 3211 in
326 3147 469 3214 Caesaris
494 3153 610 3234 castra,
639 3171 719 3233 quae
743 3153 834 3214 erant
861 3150 895 3214 in
919 3172 1034 3235 campo
1058 3174 1130 3237 pro-

117 3244 202 3309 xime
227 3243 360 3329 [locum]
383 3245 512 3311 Uzitam
535 3245 647 3310 locata.

84 3365 97 3413 1
183 3338 284 3404 LVII.
316 3340 409 3418 Quod
420 3348 597 3428 postquam
612 3342 730 3427 Scipiq
749 3344 867 3427 quique
887 3365 960 3408 cum
975 3366 1013 3410 eo
1029 3350 1132 3430 erant,

118 3442 345 3521 cognoverunt,
369 3461 441 3504 cum
464 3441 618 3504 commoti
641 3462 682 3504 ex
704 3440 762 3505 tali
784 3441 988 3506 incommodo
1013 3448 1132 3528 essent,

31 3554 32 3558 ¹
118 3532 184 3599 fere
207 3556 265 3618 per
287 3534 321 3598 id
344 3539 470 3620 tempus
493 3535 536 3600 M.
554 3536 733 3621 Aquinium
757 3536 1132 3608 111108111111111-
