2414 3968
116 210 160 272 10
382 207 531 262 BELLUM
548 202 852 260 ALEXANDRINUM.

78 352 387 418 asnbministrabat.
431 352 600 417 Postremo
627 371 692 414 non
718 348 850 432 longam
878 343 1126 430 nauigationem

115 450 279 534 parabant,
302 451 358 514 sed
375 450 553 534 praesentis
572 445 727 531 temporis
740 441 924 509 necessitati
937 439 1126 505 serviebant

76 564 97 612 4
114 547 199 611 etin
218 547 288 631 ipso
311 550 407 630 portu
425 545 662 631 confligendum
679 542 840 607 videbant.
876 537 993 623 Itaque
1009 536 1124 622 paucis

115 643 227 709 diebus
258 648 371 709 contra
401 643 545 707 omnium
577 641 760 725 opinionem
792 636 1011 722 quadriremes
1040 650 1125 715 xxn,

115 741 360 825 quinqueremes
383 756 406 801 v
429 738 646 822 confecerunt3
673 737 715 801 ad
736 736 795 800 has
817 735 958 799 mlnores
981 734 1124 816 apertas·

115 860 177 922 que
195 837 377 920 complures
395 835 587 919 adiecerunt,
609 835 694 900 etin
711 837 809 918 portu
830 829 1008 916 periclitati
1031 827 1124 895 remi·

115 935 179 1019 gio,
202 933 280 1016 quid
294 953 437 1016 quaeque
451 954 559 996 earum
574 932 699 998 efficere
712 935 832 1015 posset,
849 929 983 993 idoneos
1001 925 1123 991 milites

115 1032 338 1114 imposuerunt
373 1050 469 1112 seque
505 1030 546 1093 ad
576 1028 812 1114 confligendum
844 1024 996 1091 omnibus
1027 1022 1123 1087 rebus

79 1130 316 1210 speraverunt.
368 1125 482 1191 Caesar
516 1125 660 1192 Rhodias
696 1147 793 1190 naves
829 1141 868 1187 lx
906 1120 1051 1186 habebat
1082 1156 1124 1165 —

116 1246 191 1287 nam
219 1224 326 1288 decem
353 1224 461 1288 missis
488 1246 552 1287 una
579 1225 612 1287 in
640 1245 735 1288 cursu
762 1223 818 1288 sub
840 1221 935 1285 litore
956 1217 1123 1305 Aegyptio

117 1321 274 1385 defecerat
290 1358 342 1404 -‚
359 1320 510 1385 Ponticas
524 1339 586 1385 vm
590 1371 600 1404 ‚
618 1320 729 1404 Syrius
743 1370 782 1404 ..‚
796 1317 924 1383 Cilicius
938 1335 971 1400 V,
989 1339 1032 1382 ex
1046 1316 1125 1381 Asia

116 1435 174 1483 ΧΗ.
218 1417 271 1482 Ex
294 1417 346 1482 his
379 1423 470 1482 erant
500 1419 745 1503 quinqueremes
778 1421 811 1482 et
843 1415 1065 1500 quadriremes
1093 1431 1124 1498 Χ,

116 1514 257 1599 reliquae
276 1515 360 1578 infra
377 1515 459 1579 hanc
478 1515 732 1600 magnitudinem
746 1518 779 1578 et
796 1513 966 1597 pleraeque
985 1515 1123 1596 apertae

80 1611 236 1677 c'I'amen
263 1613 383 1676 virtute
405 1612 545 1675 militum
573 1613 712 1676 confisus
740 1609 878 1696 cognitis
903 1608 1053 1674 hostium
1076 1629 1123 1673 co

117 1709 180 1791 piis
203 1731 237 1773 se
258 1708 298 1771 ad
317 1708 532 1772 dimicandum
554 1710 695 1792 parabat

83 1823 97 1870 1
184 1803 289 1868 XIIII
325 1803 501 1888 Postquam
528 1828 566 1870 eo
592 1810 668 1870 vent
668 1829 723 1870 um
751 1810 813 1889 est,
842 1804 964 1869 utsibi
987 1807 1124 1888 uterque

118 1923 228 1966 eorum
251 1901 437 1985 confideret,
460 1900 576 1966 Caesar
596 1902 725 1968 Pharon
750 1828 864 1968 classeu
873 1899 1125 1967 circumuehitur

119 1998 330 2081 adversasque
349 2019 446 2061 naves
468 1997 543 2062 host
544 1999 616 2063 ibus
635 2002 738 2065 consti
739 2002 815 2065 tuit:
838 2000 872 2063 in
890 1999 1004 2063 dextro
1024 2018 1124 2063 cornu

118 2094 262 2159 Rhodias
285 2093 429 2178 collocat,
452 2095 486 2158 in
509 2095 640 2161 sinistro
663 2097 823 2162 Ponticas.
858 2094 948 2161 Inter
969 2095 1036 2160 has.
1051 2117 1124 2179 spa-

118 2193 200 2256 tium
224 2207 309 2255 cccc
336 2213 488 2274 passuum
511 2193 677 2278 relinquit,
704 2195 790 2279 quod
812 2193 892 2258 satis
915 2215 984 2257 esse
1009 2192 1051 2257 ad
1073 2215 1125 2258 ex·

82 2304 99 2351 a
118 2288 282 2373 plicandas
301 2310 397 2353 naves
415 2290 590 2355 videbatur.
620 2291 699 2356 Post
715 2291 802 2355 hunc
820 2290 965 2355 ordinem
982 2288 1126 2374 reliquas

118 2409 215 2452 naves
233 2385 377 2450 subsidio
396 2386 576 2472 distribuit3
599 2411 679 2472 quae
703 2410 862 2472 quamque
885 2408 994 2451 earum
1013 2408 1126 2470 sequa

82 2487 172 2548 atur
194 2487 227 2548 et
249 2482 302 2547 cui
329 2482 511 2566 subveniat,
538 2485 706 2549 constituit
733 2489 829 2569 etque
857 2485 1003 2568 imperat.
1047 2482 1127 2551 Non
1165 2539 1168 2546 .

119 2580 303 2645 dubitanter
332 2576 541 2643 Alexandrini
573 2581 707 2646 classem
738 2583 919 2671 producunt
948 2585 1046 2665 atque
1079 2581 1127 2647 in·

119 2680 262 2740 struunt:
286 2676 320 2739 in
343 2674 448 2739 fronte
471 2675 628 2742 collocant
646 2696 733 2764 xxn,
756 2680 896 2765 reliquas
914 2678 1127 2744 subsidiarias

83 2789 102 2835 4
120 2771 153 2834 in
177 2771 314 2835 secundo
334 2772 444 2836 ordine
462 2774 671 2840 constituunt.
704 2776 859 2862 Magnum
881 2780 1047 2861 praeterea
1069 2797 1128 2840 nu·

120 2889 243 2930 merum
265 2869 426 2932 minorum
450 2871 650 2954 navigiorum
674 2877 706 2938 et
729 2875 918 2958 scapharum
942 2873 1129 2957 producunt

122 2985 194 3026 cum
220 2964 378 3029 malleolis
405 2967 612 3053 ignibusque,
640 2971 669 3034 si
697 2972 774 3055 quid
800 2973 872 3056 ipsa
893 2970 1070 3036 multitudo
1095 2975 1130 3036 et

85 3078 102 3125 o
122 3060 241 3123 clamor
255 3065 288 3124 et
300 3062 429 3127 flamma
440 3066 561 3129 nostris
575 3068 707 3132 terroris
722 3069 844 3133 adferre
857 3071 999 3152 possent.
1021 3067 1130 3134 Erant

121 3158 205 3220 inter
219 3156 297 3221 duas
312 3158 428 3224 classes
441 3161 522 3225 vada
535 3163 675 3226 transitu
693 3169 840 3249 angusto
862 3187 944 3249 quae
961 3165 1131 3248 pertinent

121 3253 161 3316 ad
188 3255 351 3338 regionem
373 3255 563 3323 Africae-
588 3261 634 3324 sic
662 3262 746 3325 enim
773 3263 970 3346 praedicant,
998 3267 1131 3346 partem

121 3372 190 3416 esse
219 3351 431 3419 Alexandriae
466 3356 631 3420 dimidiam
660 3357 861 3423 Africae-
892 3361 1036 3445 satisque
1071 3362 1131 3428 diu

119 3449 236 3512 inter
227 3471 315 3532 ipsos
339 3454 388 3515 est
406 3456 700 3537 exspectaremus
723 3457 805 3520 utris
824 3457 1012 3523 transeundi
1032 3459 1133 3527 fieret

116 3542 259 3631 initium,
280 3551 448 3632 propterea
467 3550 598 3661 quod
571 3572 609 3635 ei,
632 3553 686 3635 qui
705 3553 888 3639 intrassent,
911 3558 944 3619 et
966 3554 1007 3619 ad
1025 3559 1133 3644 expli·
