2414 3968
121 230 164 293 22
390 227 538 282 BELLUM
555 226 859 282 ALEXANDRINUM.

121 378 260 438 atrorum
279 374 378 438 animi
396 374 475 438 adeo
494 376 570 436 sunt
588 372 722 456 incitati,
744 375 783 439 ut
798 392 899 455 paene
918 369 1034 435 eodem
1053 373 1132 434 tem·

119 493 196 555 pore
218 493 259 535 ex
281 471 431 535 omnibus
454 470 601 553 partibus
623 470 754 551 incoctus
775 469 872 550 fieret,
899 465 998 550 primi
1021 469 1131 531 tamen

119 569 334 633 editissimum
355 567 463 632 locum
481 569 659 631 ceruorum
683 567 845 648 caperent3
868 585 908 626 ex
931 584 997 646 quo
1021 562 1131 628 decur-

119 669 223 730 rentes
242 686 393 750 magnam
414 663 656 728 multitudinem
678 662 821 727 hostium
839 661 874 725 in
892 659 1009 725 castris
1034 659 1130 726 inter·

83 761 270 828 afecenmt.
325 760 419 838 Quod
451 760 629 844 periculum
660 759 806 843 plerique
837 755 1053 822 Alexandrini
1083 758 1130 822 lu-

119 860 243 944 gientes
271 858 445 924 acervatim
473 880 507 922 se
535 858 573 921 de
601 857 687 922 vallo
716 855 969 940 praecipitarunt
995 856 1033 920 in
1061 878 1130 921 eam

84 961 252 1041 spartem,
275 978 356 1040 quae
374 955 500 1020 flumini
523 959 591 1019 erat
613 955 771 1019 adiuncta
807 948 933 1016 Horum
955 951 1075 1036 primis
1097 953 1130 1017 iu

119 1053 190 1135 ipsa
210 1053 298 1135 fossa
320 1052 509 1117 munitionis
531 1074 649 1138 magna
671 1053 764 1116 ruina
781 1049 944 1135 oppressis
967 1049 1070 1115 ceteri
1086 1048 1129 1114 fa

85 1149 263 1215 utiliorem
284 1149 396 1234 fugam
413 1149 604 1214 habuerunt.
647 1148 782 1214 Constat
804 1147 927 1231 fugisse
949 1167 991 1211 cx
1013 1146 1129 1211 castris

120 1265 228 1330 regem
255 1246 361 1330 ipsum
388 1250 615 1330 receptumque
643 1247 677 1310 in
704 1267 819 1311 navem
845 1242 1059 1309 multitudine
1081 1265 1129 1309 eo*

119 1363 200 1426 rum,
223 1343 279 1426 qui
301 1343 342 1406 ad
363 1343 526 1426 proximas
548 1365 646 1408 nares
669 1341 876 1425 adnatabant,
905 1339 1054 1405 demerso
1078 1360 1128 1405 na

119 1439 206 1524 rigio
230 1441 360 1521 perisse.

85 1558 99 1604 1
185 1535 318 1600 XXXII.
359 1536 408 1602 Re
435 1537 619 1602 felicissime
642 1536 869 1621 celerrimeque
897 1538 991 1620 gesta
1013 1533 1129 1602 cae-r

120 1654 236 1718 magna
257 1634 410 1698 victoriae
432 1634 550 1698 fiducia
575 1635 724 1718 proximo
747 1632 893 1699 terrestri
915 1632 1034 1698 itinere
1058 1632 1128 1698 Ale

120 1729 286 1793 xandriam
310 1751 382 1794 cum
406 1731 568 1814 equitibus
591 1730 757 1795 contendit
779 1734 876 1815 atque
899 1751 937 1794 ea
958 1733 1054 1814 parte
1077 1752 1128 1815 cp

120 1826 188 1909 pidi
211 1826 315 1891 vietor
338 1826 473 1910 introiit,
498 1849 579 1910 quae
601 1829 760 1911 praesidio
782 1827 926 1892 hostium
948 1826 1128 1895 tenebatur.

86 1922 234 2006 2Nequc
263 1944 336 1986 eum
364 1922 535 1988 consilium
562 1945 656 1988 suum
683 1924 813 2008 fefellit,
846 1924 925 2009 quin
950 1923 1066 1990 hostes
1094 1947 1129 1991 eo

120 2020 242 2105 proelio
275 2019 385 2085 audito
416 2018 499 2099 nihil
530 2021 595 2085 iam
623 2021 661 2086 de
692 2022 777 2086 bello
808 2023 916 2086 esseut
945 2021 1129 2105 rogitatum

85 2115 264 2200 3Dignum
290 2115 461 2181 adveniens
491 2117 633 2182 fructum
659 2119 791 2183 virtutis
818 2122 852 2183 et
878 2117 978 2181 animi
1005 2120 1129 2206 magni·

120 2213 242 2278 tudinis
264 2213 353 2278 tulit:
381 2215 485 2278 omnis
512 2216 598 2280 enim
624 2215 798 2280 multitudo
822 2215 1061 2299 oppidanorum
1085 2239 1130 2283 ar·

119 2309 182 2374 mis
208 2311 361 2393 proiectis
388 2312 688 2398 munitionibusque
716 2314 783 2378 suis
810 2312 946 2396 relictis,
975 2318 1069 2379 veste
1096 2338 1132 2381 ea

120 2411 261 2492 sumpta,
294 2429 358 2492 qua
386 2409 547 2492 supplices
575 2410 775 2475 dominantes
806 2409 968 2494 deprecari
998 2432 1132 2477 consue

118 2508 210 2589 runt,
241 2505 403 2589 sacrisque
435 2506 585 2570 omnibus
616 2506 767 2590 prolatis,
802 2528 940 2591 quorum
971 2506 1133 2595 religione

119 2602 242 2685 precari
270 2603 409 2667 offensos
437 2602 600 2686 iratosque
629 2605 753 2668 animos
779 2624 894 2688 regum
917 2607 1010 2668 erant
1032 2606 1134 2692 soliti,

121 2699 301 2763 advenienti
334 2697 462 2764 Caesari
494 2704 701 2765 occurrerunt
738 2723 835 2786 seque
868 2701 898 2765 ei
930 2700 1133 2769 dediderrmt.

85 2807 102 2854 4
122 2794 236 2860 Caesar
259 2797 292 2861 in
318 2796 416 2861 fidem
438 2801 584 2880 receptos
608 2798 791 2864 consolatus
814 2821 872 2882 per
894 2797 1041 2863 hostium
1063 2823 1134 2867 mu·

121 2892 259 2956 uitiones
288 2893 443 2959 insuam
472 2898 597 2977 partem
627 2895 738 2980 oppidi
768 2915 886 2980 magna
914 2893 1136 2981 gratrdatione

103 3033 105 3037 ,
121 2988 209 3052 venit
231 3011 377 3074 suorum3
402 2991 458 3075 qui
480 3013 545 3055 non
567 2995 694 3057 tantum
716 2991 839 3056 bellum
857 2992 965 3075 ipsum
984 3012 1022 3056 ac
1040 2992 1137 3059 dimi·

122 3085 288 3170 cationem,
307 3087 472 3152 sedetiam
491 3088 589 3154 telem
608 3089 782 3154 adrentum
796 3090 865 3154 eius
882 3088 1013 3153 felicem
1031 3090 1138 3157 fuisse

121 3181 332 3247 laetabantur.

87 3293 102 3340 1
187 3278 337 3344 xxxffl.
375 3280 490 3348 Caesar
507 3281 658 3368 Aegypto
677 3287 774 3368 atque
792 3281 989 3348 Alexandria
1006 3284 1138 3368 potitus

122 3395 213 3460 reges
236 3377 418 3463 constituit,
446 3401 527 3462 quos
551 3378 757 3446 Ptolomaeus
783 3384 976 3447 testamento
999 3383 1140 3469 scripse

122 3475 173 3536 rat
195 3476 292 3558 atque
315 3473 494 3541 obtestatus
519 3480 588 3540 erat
610 3477 766 3560 populum
787 3476 979 3561 Romanum,
1000 3500 1044 3544 ne
1066 3502 1140 3547 mu·

86 3570 274 3635 starentur.
311 3568 397 3636 Nam
415 3572 535 3638 maiore
555 3595 596 3637 ex
615 3572 739 3637 duobus
757 3573 879 3658 pueriS,
901 3594 990 3658 rege,
1014 3576 1141 3645 amisso
