2414 3968
359 213 435 268 OAP.
455 214 779 269 XXXXH-XXXXIIH.
1028 217 1071 280 29

66 359 100 422 in
131 357 226 423 bellis
257 359 458 443 periclitatus
490 379 623 442 magnas
651 381 702 423 res
730 364 763 423 et
793 360 947 424 secundas
976 361 1073 424 ductu

64 457 271 540 auspicioque
290 478 349 520 suo
369 458 520 541 gesserat,
542 477 645 539 neque
663 456 847 539 provinciae
865 456 1072 521 facultatibus

65 553 306 636 sublevabatur,
337 575 417 637 quae
444 553 564 636 partim
587 558 656 617 erat
678 554 841 618 exinanita
862 555 981 638 partim
1003 554 1072 617 infi-

65 650 159 733 delis,
196 671 300 734 neque
331 650 466 713 navibus
505 649 679 715 intercluso
714 652 795 714 mari
828 652 1097 734 tempestatibus*

64 751 263 812 commeatus
278 745 465 831 subportare
480 751 607 830 poterat
620 748 809 831 magnisque
828 748 1072 812 difficultatibus

65 850 209 928 coactus,
236 866 302 908 non
323 849 361 909 ut
382 844 524 926 volebat,
554 845 610 908 sed
633 847 670 907 ut
692 867 821 909 necesse
844 849 924 928 erat,
950 844 1073 909 bellum

65 942 205 1028 gerebat.
259 940 311 1005 Ita
343 964 416 1006 cum
448 941 628 1005 durissimis
661 943 906 1026 tempestatibus
941 946 1107 1026 proptera

65 1039 208 1122 inopiam
231 1039 362 1103 castella
385 1041 441 1101 aut
463 1037 582 1121 oppida
604 1060 787 1124 expugnare
810 1043 986 1124 cogeretur,
1009 1061 1072 1104 cre-

64 1137 124 1201 bro
149 1135 352 1200 incommoda
370 1134 547 1218 accipiebat
570 1135 711 1220 adeoque
730 1141 816 1200 esta
838 1135 982 1200 barbaris
1001 1157 1072 1199 con·

64 1236 217 1317 temptuS,
241 1236 278 1296 ut
303 1229 452 1296 Salonam
475 1253 509 1295 se
532 1232 689 1316 recipiens
712 1234 747 1297 in
766 1233 920 1316 oppidum
941 1233 1072 1296 maritu-

64 1353 167 1414 mum,
191 1329 278 1414 quod
301 1329 385 1393 cives
409 1327 547 1392 Romani
570 1329 740 1393 fortissimi
762 1329 1003 1412 fidelissimique
1026 1330 1072 1393 in·

63 1429 221 1510 colebant,
244 1426 278 1490 in
302 1425 428 1510 agmine
452 1425 602 1490 dimicare
622 1426 665 1490 sit
684 1430 821 1490 coactus.
858 1424 928 1502 Quo
948 1427 1071 1510 proelio
1091 1442 1106 1489 3

65 1526 190 1590 duobus
208 1523 340 1587 milibus
359 1523 500 1586 militum
519 1523 657 1607 amplius
676 1523 812 1607 amissis,
832 1523 1072 1587 centurionibus

64 1639 214 1705 xxmu,
241 1621 380 1684 tribunis
406 1638 456 1703 lv,
485 1642 558 1684 cum
585 1619 718 1704 reliquis
741 1620 842 1704 copiis
866 1618 1014 1684 Salonam
1038 1643 1072 1686 se

63 1719 185 1802 recepit
207 1738 394 1800 summaque
418 1717 464 1780 ibi
488 1717 678 1781 difficultate
701 1740 808 1782 rerum
827 1718 969 1782 omnium
987 1740 1072 1801 pres-

35 1867 38 1870 .
64 1839 120 1880 sus
142 1815 253 1900 paucis
276 1815 440 1878 mensibus
459 1815 572 1879 morbo
591 1815 696 1898 periit.
733 1814 831 1879 Cuius
851 1820 883 1880 et
900 1815 1071 1879 infelicitas
1090 1832 1107 1878 4

63 1914 131 1978 vivi
154 1917 186 1976 et
209 1912 317 1975 subita
338 1933 425 1975 mors
449 1911 482 1973 in
505 1932 655 1996 magnam
678 1933 767 1995 spem
787 1910 955 1976 Octavium
976 1911 1071 1976 addu-

64 2009 114 2072 xit
131 2007 315 2090 provinciae
333 2006 520 2091 potiundae,
544 2030 639 2092 quem
658 2013 765 2073 tamen
784 2009 906 2073 diutius
924 2010 958 2072 in
976 2010 1071 2074 rebus

65 2103 213 2170 secundis
237 2107 269 2167 et
290 2101 447 2184 Fortuna,
476 2124 557 2185 quae
585 2104 761 2187 plurimum
784 2106 818 2169 in
840 2105 934 2170 bellis
956 2111 1072 2191 potest,

65 2200 297 2285 diligentiaque
321 2197 484 2262 Cornificii
507 2203 539 2263 et
561 2201 666 2263 virtus
684 2199 810 2265 Vatinii
831 2203 952 2266 versari
978 2225 1072 2287 passa

63 2301 210 2364 nonest.

130 2391 328 2459 XXXXIlll.
365 2391 517 2457 Vatinius
535 2392 700 2457 Brundisii
724 2416 796 2458 oum
819 2399 911 2479 esset,
934 2397 1071 2480 cognitis
1091 2411 1105 2458 1

62 2495 168 2575 rebus,
192 2513 274 2576 quae
297 2494 406 2575 gestae
428 2494 520 2554 erant
543 2490 577 2553 in
595 2488 736 2576 Illyrico,
759 2514 832 2556 cum
851 2493 969 2556 crebris
987 2493 1072 2558 litte-

62 2593 109 2656 ris
133 2588 297 2654 Cornificii
320 2587 361 2650 ad
388 2586 545 2650 auxilium
569 2589 753 2670 provinciae
775 2589 941 2654 ferendum
964 2612 1071 2655 evoca-

63 2693 153 2754 retur
179 2690 213 2751 et
240 2684 283 2749 M.
307 2683 477 2749 Octavium
510 2682 636 2748 audiret
664 2708 736 2750 cum
768 2685 913 2751 barbaris
944 2687 1072 2753 foedera

63 2785 257 2870 percussisse
291 2781 574 2865 compluribusque
606 2782 686 2847 locis
718 2788 902 2848 nostrorum
930 2784 1071 2850 militum

63 2903 249 2967 oppugnare
276 2878 436 2964 praesidia
462 2878 582 2961 partim
610 2879 710 2945 classe
737 2903 795 2964 per
817 2902 852 2945 se
878 2882 996 2964 partim
1018 2905 1071 2966 pe-

64 2979 224 3044 destribus
248 2978 349 3061 copiis
371 2999 429 3061 per
445 2977 609 3059 barbaros,
631 2976 694 3040 etsi
717 2975 808 3060 gravi
825 2975 1001 3041 valitudine
1020 2978 1071 3042 ad-

63 3075 167 3138 fectus
185 3075 242 3138 vix
264 3074 407 3157 corporis
431 3072 555 3137 viribus
574 3072 717 3136 animum
740 3072 942 3157 sequebatur,
963 3078 1070 3139 tamen

63 3172 183 3235 virtute
211 3171 290 3235 vicit
317 3168 555 3235 incommodum
585 3173 718 3234 naturae
746 3170 1015 3254 difficultatesque
1038 3177 1071 3237 et

63 3267 180 3331 hiemis
204 3271 235 3331 et
254 3268 379 3333 subitae
401 3266 664 3351 praeparationis.
709 3266 794 3332 Nam
817 3289 890 3331 cum
908 3268 977 3350 ipse
994 3284 1104 3351 pau-a

63 3386 117 3429 cas
136 3365 169 3426 in
191 3367 288 3448 portu
305 3386 403 3429 naves
425 3364 539 3450 longas
557 3364 699 3448 haberet,
721 3363 846 3428 litteras
865 3364 899 3428 in
914 3362 1070 3428 Achaiam

63 3461 104 3525 ad
127 3459 162 3537 Q.
182 3459 335 3526 (telenum
357 3461 455 3544 misit,
478 3462 528 3525 uti
550 3460 614 3526 sibi
637 3461 771 3525 classem
793 3461 945 3525 mitteret.
977 3459 1070 3537 Quod
1089 3477 1104 3524 3

62 3581 135 3623 cum
158 3557 281 3621 tardius
307 3557 412 3642 fieret,
441 3580 536 3641 quam
564 3557 741 3642 periculum
769 3562 954 3622 nostrorum
981 3558 1069 3642 flagi·
