2414 3968
474 224 549 279 cnr.
568 224 677 279 n-vr.
1059 222 1081 286 5
1150 193 1153 200 ’

71 393 175 455 neque
197 375 301 435 morte
321 369 456 453 Pompei
479 368 652 453 quicquam
673 367 863 452 profectum,
887 389 950 452 quo
974 367 1081 431 minus

72 466 158 550 apud
184 489 218 531 se
246 464 362 530 Caesar
392 465 651 529 commoraretur.
697 463 800 542 Quem
831 465 860 528 si
889 487 955 529 non
975 480 1116 548 ⁴expu·4

70 561 194 647 lisscnt,
216 563 360 626 futuram
383 584 423 626 ex
445 581 544 646 regno
567 562 778 646 provinciam3
802 561 898 646 idque
922 561 1080 647 agendum

71 664 208 725 mature:
228 680 366 744 namque
378 680 452 723 eum
465 656 676 722 interclusum
689 657 936 740 tempestatibus
949 659 1082 741 propter

72 757 149 821 anni
177 761 305 841 tempus
331 756 473 841 recipere
500 756 715 820 transmarina
742 755 862 819 auxilia
883 776 948 819 non
977 775 1081 839 posse.

137 851 212 918 IIII.
248 851 384 918 Interim
408 852 605 917 dissensione
628 855 700 917 orta
726 853 811 917 inter
832 850 997 935 Achillan,
1025 850 1115 935 quil

71 956 222 1017 veterano
246 951 402 1016 exercitui
429 953 588 1034 praeerat,
618 954 651 1014 et
673 948 843 1035 Arsinodn,
865 950 951 1035 regis
973 947 1081 1013 Ptolo·

71 1049 155 1113 maei
172 1047 330 1111 minorem
348 1045 459 1130 filiam,
481 1050 520 1110 ut
538 1069 636 1131 supra
654 1047 908 1112 demonstratum
927 1051 985 1130 est,
1008 1065 1082 1111 cum

72 1149 208 1229 uterque
235 1145 365 1228 utrique
393 1143 599 1208 insidiaretur
622 1148 654 1209 et
681 1166 840 1210 summam
863 1143 991 1228 imperii
1013 1143 1082 1228 ipse

72 1242 216 1307 obtinere
244 1239 356 1324 vellet,
385 1246 598 1325 praeoccupat
624 1239 762 1308 Arsinoii
789 1265 847 1326 per
876 1240 1082 1325 Ganymeden

72 1338 268 1423 eunuchum,
290 1338 466 1402 nutricium
489 1359 597 1423 suum,
626 1343 723 1423 atque
745 1337 898 1403 Achillan
920 1339 1082 1403 interficit.

72 1435 144 1501 Hoc
167 1436 273 1501 occiso
296 1435 365 1500 sine
392 1435 460 1500 ullo
489 1437 575 1500 socio
599 1440 632 1500 et
655 1436 786 1501 custode
813 1437 885 1520 ipsa
909 1457 1002 1500 omne
1025 1435 1117 1498 ima

72 1534 198 1617 perium
235 1532 418 1619 obtinebat,
455 1533 614 1597 exercitus
647 1531 825 1617 Ganymedi
857 1532 1004 1597 traditur.
1049 1528 1083 1594 Is

72 1636 221 1716 suscepto
245 1631 353 1695 officio
375 1629 582 1716 largitionem
604 1630 638 1694 in
660 1630 797 1696 militem
820 1632 933 1714 auget3
959 1626 1084 1711 reliqua

71 1730 143 1813 pari
165 1727 333 1813 diligentia
356 1728 568 1792 administrat.

139 1823 179 1889 V.
221 1823 418 1888 Alexandria
449 1828 499 1889 est
529 1825 596 1889 fere
628 1829 697 1889 tota
723 1825 872 1890 subfossa
901 1839 1115 1908 specusque1

72 1921 171 1986 habet
194 1921 235 1984 ad
254 1920 370 1986 Nilum
392 1922 604 2006 pertinentes,
632 1921 750 2005 quibus
778 1943 861 2005 aqua
884 1921 918 1985 in
940 1921 1083 2005 privatas

75 2017 187 2080 domos
201 2016 373 2100 inducitur,
388 2026 469 2100 quae
482 2007 640 2100 paula'tim
650 2019 754 2102 spatio
769 2018 925 2103 temporis
933 2016 1085 2102 liquescit

75 2135 112 2177 ac
130 2111 276 2176 subs'idit.
321 2110 391 2176 Hac
408 2113 457 2176 uti
475 2113 596 2178 domini
619 2115 839 2179 aedificiorum
857 2118 954 2199 atque
973 2130 1118 2179 eoruma
1179 2143 1181 2147 ·

75 2209 216 2275 familiae
239 2209 446 2273 consuerunt:
473 2232 548 2273 nam
572 2232 653 2294 quae
675 2232 691 2276 e
713 2212 845 2276 flumine
867 2211 945 2277 Nilo
973 2211 1084 2295 fertur,

75 2308 153 2372 adeo
177 2310 227 2371 est
248 2305 365 2371 limosa
387 2327 423 2371 ac
446 2306 584 2390 turbida,
605 2310 644 2370 ut
665 2306 787 2371 multos
810 2308 980 2391 variosque
1001 2329 1084 2371 mor-

73 2406 134 2470 bos
157 2403 289 2488 efficiat3
318 2402 374 2467 sed
397 2425 434 2467 ea
459 2403 569 2487 plebes
598 2425 634 2468 ac
661 2403 839 2469 multitudo
862 2407 1013 2469 contenta
1036 2407 1086 2468 est

75 2501 263 2585 necessario,
287 2500 375 2585 quod
391 2501 465 2564 fons
483 2500 562 2565 urbe
581 2504 652 2564 tota
669 2500 777 2566 nullus
796 2504 855 2567 est.
887 2500 960 2565 Hoc
977 2504 1086 2564 tamen

75 2601 195 2664 flumen
222 2599 258 2662 in
279 2619 317 2663 ea
343 2601 434 2681 parte
457 2601 526 2662 erat
553 2597 658 2683 urbis,
687 2620 768 2683 quae
796 2599 836 2663 ab
858 2595 1085 2662 Alexandrinis

76 2697 253 2762 tenebatur.
292 2693 363 2772 Quo
386 2695 471 2759 facto
491 2698 540 2760 est
564 2695 747 2760 admonitus
767 2694 968 2780 Ganymedes
990 2711 1120 2780 possea

77 2798 205 2858 nostros
224 2813 307 2877 aqua
324 2792 511 2877 intercludi;
535 2793 600 2878 qui,
619 2791 784 2858 distribdti
801 2793 1018 2857 munitionum
1036 2797 1085 2858 tu-

77 2890 230 2955 endarum
253 2909 349 2954 causa
370 2887 515 2972 vicatim,
539 2911 580 2954 ex
601 2891 737 2973 privatis
760 2889 914 2956 aedificiis
937 2891 1085 2975 specibus

78 3008 114 3050 ac
138 2986 245 3070 puteis
268 2989 412 3051 extracta
435 3007 518 3070 aqua
540 2986 722 3051 utebantur.

143 3081 199 3147 VI.
228 3081 300 3147 Hoc
322 3082 458 3167 probato
477 3082 610 3148 consilio
629 3104 782 3169 magnum
801 3105 838 3149 ac
856 3082 986 3148 difficile
1005 3104 1086 3167 opus
1105 3100 1119 3148 1

78 3179 272 3263 adgreditur.
316 3178 507 3264 Interseptis
534 3180 620 3245 enim
645 3181 794 3264 specibus
817 3185 913 3265 atque
937 3180 1086 3245 omnibus

78 3276 168 3340 urbis
185 3277 332 3360 partibus
350 3277 499 3361 exclusis,
518 3298 599 3361 quae
618 3278 658 3341 ab
677 3278 747 3361 ipso
766 3278 966 3362 tenebantur,
985 3299 1085 3362 aquae

78 3393 228 3458 magnam
250 3373 316 3437 vim
339 3396 379 3439 ex
400 3374 483 3438 mari
505 3375 587 3439 rotis
610 3396 647 3439 ac
669 3374 960 3439 machinationibus
984 3373 1086 3458 expri-

79 3491 165 3536 mere
197 3470 377 3556 contendit3
413 3471 496 3536 hanc
526 3473 607 3537 locis
638 3472 857 3557 superioribus
888 3472 1023 3536 fundere
1052 3471 1095 3531 in

77 3571 205 3654 partem
228 3566 373 3632 Caesaris
395 3590 461 3633 non
483 3569 735 3636 intermittebat.
778 3568 896 3647 Quam
911 3567 957 3629 ob
981 3569 1165 3624 causam
