2414 3968
429 226 432 230 ·
466 202 542 260 GAP.
561 203 661 259 H-V.
765 214 768 218 “
1010 204 1074 271 109

56 351 173 437 vigiles
197 373 262 416 non
286 353 438 435 poterant
456 349 656 435 diligentiam
680 353 852 435 praestare,
874 351 993 435 partim
1016 349 1072 415 illo

56 470 213 534 responso
251 448 502 516 deterrebantur.
558 446 639 513 Cum
671 448 712 512 ad
744 452 871 532 portam
904 449 1109 533 adpropin·8

58 550 222 632 quassent,
245 546 339 632 signo
363 544 438 610 dato
462 545 501 610 ab
525 544 696 630 oppidanis
719 550 795 610 sunt
817 546 946 631 recepti,
966 550 1000 610 et
1021 569 1073 630 pe-

57 646 141 711 dites
184 645 324 729 [equites
361 642 500 709 clamore
539 641 639 726 facto]
683 642 833 727 dispositi
873 643 991 727 partim
1027 644 1073 708 ibi

57 746 294 827 remanserunt,
321 741 446 826 equites
469 739 608 806 clamore
631 739 717 805 facto
740 742 941 825 eruptionem
964 741 998 806 in
1021 742 1072 806 ad·

57 840 275 906 versariorum
307 843 414 904 castra
439 837 594 902 fecerunt.
644 836 698 903 Sic
726 839 760 902 in
787 839 844 903 illo
871 839 971 923 facto,
998 856 1106 904 cuma

57 938 271 1003 inscientibus
295 936 473 1020 accidisset,
496 935 685 1000 existimant
707 936 836 1022 [prope]
859 957 977 1021 magna
998 958 1073 1020 pars

56 1036 242 1120 hominnm,
270 1035 325 1119 qui
353 1035 387 1098 in
414 1032 467 1097 his
494 1033 608 1099 castris
634 1033 786 1119 luissent,
814 1057 847 1099 se
875 1056 975 1119 prope
1001 1057 1071 1120 cap·

56 1138 111 1198 tos
134 1156 212 1198 esse.

125 1229 199 1296 IIII.
244 1229 316 1296 Hoc
348 1230 448 1294 misso
476 1230 516 1294 ad
542 1228 653 1296 Uliam
684 1230 844 1314 praesidio
873 1228 1001 1315 Caesar,
1035 1222 1105 1297 utl

56 1329 250 1414 Pompeium
278 1329 318 1393 ab
347 1350 384 1393 ea
413 1327 654 1413 oppugnatione
682 1327 863 1412 deduceret,
891 1328 931 1392 ad
954 1327 1072 1393 Cordu-

55 1428 132 1492 bam
164 1425 338 1509 contendit,
372 1447 411 1489 ex
444 1447 509 1509 quo
543 1425 658 1490 itinere
684 1424 836 1491 loricatos
863 1426 950 1491 viros
977 1425 1071 1491 fortis

56 1548 131 1591 cum
150 1525 297 1610 equitatu
316 1527 390 1588 ante
408 1524 583 1608 praemisit.
617 1522 680 1600 Qui
698 1522 796 1588 simul
814 1524 1071 1607 inconspectum
1090 1542 1106 1590 a

57 1623 170 1707 oppidi
193 1645 227 1687 se
251 1621 416 1705 dederunt,
439 1644 512 1686 cum
536 1622 627 1706 equis
650 1621 858 1705 recipiuntur,
879 1620 942 1686 hoc
960 1644 979 1685 a
998 1620 1072 1687 Oor-

58 1721 256 1786 dubensibus
288 1741 491 1804 nequaquam
525 1724 653 1804 poterat
679 1717 898 1785 animadverti.
948 1717 1072 1804 Adpro-

56 1819 291 1904 pinquantibus
310 1840 350 1882 ex
369 1815 487 1901 oppido
501 1817 581 1882 bene
600 1838 718 1902 magna
736 1815 911 1890 multitudo
929 1817 970 1885 ad
985 1817 1072 1902 equi·

56 1921 163 1983 tatum
191 1915 421 1981 concidendum
449 1936 522 1979 cum
550 1915 706 1999 exissent,
737 1914 878 1998 loricati,
910 1917 948 1979 ut
975 1937 1073 1999 supra

56 2012 256 2096 scripsimus,
274 2034 313 2076 cx
331 2011 423 2094 equis
442 2012 673 2077 descenderunt
691 2017 725 2078 et
740 2034 894 2099 magnum
913 2012 1070 2096 proelium

56 2111 214 2193 fecerunt,
231 2109 278 2173 sic
296 2109 345 2173 uti
363 2131 403 2173 ex
421 2109 549 2173 infinita
566 2109 735 2175 hominum
753 2110 960 2174 multitudine
977 2112 1072 2195 pauci

57 2210 93 2277 in
117 2207 270 2291 oppidum
294 2229 328 2271 se
351 2207 537 2290 reciperent.
582 2205 654 2271 Hoc
677 2207 792 2272 timore
818 2206 975 2271 adductus
998 2206 1070 2272 Sex.
1090 2225 1106 2272 3

56 2305 232 2390 Pompeius
262 2304 388 2369 litteras
415 2303 509 2369 fratri
536 2303 640 2387 misit,
672 2307 709 2368 ut
736 2303 881 2368 celeriter
908 2304 971 2368 sibi
999 2305 1071 2369 sub-

57 2404 141 2470 sidio
160 2404 294 2487 veniret,
316 2425 356 2467 ne
374 2403 465 2487 prius
485 2399 601 2465 Caesar
620 2399 801 2466 Cordubam
820 2404 957 2485 caperet,
975 2423 1072 2485 quam

56 2505 127 2588 ipse
159 2501 393 2567 illevenisset.
442 2497 556 2583 ltaque
584 2496 639 2563 Gn.
668 2498 841 2582 Pompeius
868 2497 945 2564 Ulia
971 2518 1107 2584 proper

56 2604 153 2686 capta
179 2599 298 2664 litteris
323 2597 433 2662 fratris
457 2596 581 2663 excitus
605 2619 678 2662 cum
701 2597 803 2681 copiis
827 2597 867 2661 ad
890 2594 1071 2662 Cordubam

56 2700 120 2764 iter
144 2696 248 2762 facere
272 2695 387 2780 coepit,

124 2794 164 2860 V.
204 2793 328 2877 Caesar,
351 2814 424 2858 cum
448 2793 488 2856 ad
510 2793 631 2872 flumen
653 2791 781 2857 Baetim
803 2791 946 2856 venisset
967 2815 1070 2877 nequa
1091 2811 1104 2861 1

57 2897 191 2978 propter
214 2891 417 2957 altitudinem
441 2891 584 2955 fluminis
607 2889 744 2954 transire
769 2894 888 2974 posset,
909 2889 1070 2974 lapidibus

57 2990 171 3061 corbes
193 2989 305 3073 plenos
329 2989 471 3054 demisit:
499 2989 632 3072 insuper
653 2988 747 3072 ponit
764 2988 886 3072 trabes,
909 2988 955 3052 ita
972 2992 1070 3072 ponte

57 3089 144 3153 facto
164 3087 272 3171 copias
287 3087 327 3151 ad
345 3091 451 3152 castra
469 3086 633 3171 tripertito
652 3084 805 3151 traduxit.
837 3083 1002 3151 Tendebat
1020 3087 1071 3152 ad·
1090 3104 1107 3152 a

57 3207 171 3251 versus
194 3185 348 3269 oppidum
375 3207 392 3249 e
413 3184 544 3270 regiona
562 3183 681 3268 pontis,
704 3187 741 3247 ut
759 3204 857 3266 supra
875 3184 1071 3269 scripsimus,

56 3283 229 3368 tripertito.
268 3280 340 3348 Hoc
364 3305 437 3348 cum
460 3281 634 3366 Pompeius
658 3303 731 3345 cum
754 3280 822 3345 suis
845 3281 946 3365 copiis
968 3283 1070 3347 venis·

58 3386 121 3465 set,
145 3402 185 3444 ex
207 3379 340 3444 adverso
363 3380 433 3463 pari
456 3380 580 3445 ratione
603 3382 709 3444 castra
730 3378 831 3462 ponit.
878 3377 1005 3464 Caesar,
1033 3384 1070 3444 ut
1089 3397 1104 3445 3

56 3502 131 3549 eum
155 3479 194 3543 ab
219 3477 337 3562 oppido
360 3482 603 3562 commeatuque
626 3475 817 3560 excluderet,
839 3476 1006 3542 brachium
1030 3477 1070 3542 ad

56 3580 189 3663 pontem
223 3575 336 3640 ducere
369 3575 482 3660 coepit.
535 3574 611 3639 Pari
643 3574 727 3639 idem
759 3574 944 3640 condicione
976 3574 1070 3645 Pom:
