2650 4066
186 211 250 276 122
482 208 629 263 BELLUM
647 205 897 263 HISPANIENSE.

183 356 387 443 praefulgens
410 377 492 440 opus
514 353 671 420 caelatum
690 353 834 418 omnium
853 357 977 418 mentes
996 357 1202 420 converterat

184 456 224 520 ab
252 475 347 538 opere
376 452 417 517 ad
444 452 667 536 spectandum,
695 451 779 516 ecies
806 455 883 516 sunt
907 450 1095 536 dispositae:
1122 464 1201 517 nam

184 555 269 618 inter
291 550 464 616 bellatores
486 549 648 633 principes
667 547 765 614 dubia
782 553 852 614 erat
869 548 976 634 posite
992 548 1137 634 victoria,
1160 552 1201 614 ut
1304 555 1305 570 ¹

184 671 284 735 prope
301 648 464 714 rideretur
481 647 579 712 finem
597 644 739 712 bellandi
757 646 894 711 duorum
912 646 1062 710 dirimere
1079 667 1200 732 pugna

151 744 237 814 oIta
263 743 349 810 aridi
376 741 548 828 cupidique
575 764 707 808 suarum
732 744 868 828 quisque
890 744 1032 828 partium
1054 743 1202 809 virorum

151 843 412 926 rfautorumque
446 829 624 906 ¹voluntatis
659 841 846 908 habebatur.
901 841 1045 918 Quorum
1077 842 1202 907 virtute

185 940 297 1025 alacri,
333 961 406 1004 cum
438 938 479 1001 ed
511 937 727 1004 dimicandum
758 940 793 1005 in
823 939 991 1024 planitiem
1023 961 1057 1003 se
1089 943 1202 1004 contu-

184 1039 313 1122 lissent,
349 1035 516 1121 [quorum]
546 1056 656 1122 pugna
686 1040 772 1102 esset
807 1058 908 1120 prope
943 1035 1099 1121 perlecta,
1133 1037 1201 1102 nisi

184 1140 317 1220 propter
334 1135 479 1220 equitum
499 1155 715 1220 congressum,
729 1138 767 1199 ut
784 1156 882 1219 supra
900 1133 1201 1221 demonstravimus,

185 1239 260 1299 esset
286 1233 457 1317 dirempta3
482 1230 586 1297 levem
614 1236 809 1298 armaturam
836 1231 990 1316 praesidii
1015 1253 1112 1297 causa
1133 1253 1201 1297 non

150 1331 281 1417 alonge
312 1331 353 1396 ab
386 1351 481 1415 opere
506 1352 605 1413 prope
636 1333 742 1395 castra
771 1329 948 1395 constituit.
1003 1327 1063 1413 Ut,
1094 1331 1200 1394 nostri

140 1469 142 1474 ·
188 1430 311 1514 equites
338 1429 373 1493 in
399 1431 530 1511 receptu
559 1427 635 1491 dum
658 1426 699 1492 ad
726 1425 999 1510 concrement,
1027 1424 1202 1491 adversarii

188 1528 335 1612 cupidius
358 1530 435 1591 sunt
454 1525 601 1609 insecuti,
622 1524 764 1589 universi
783 1524 921 1590 clamore
938 1525 1025 1589 facto
1042 1525 1201 1609 impetum

152 1624 352 1690 edederunt.
397 1621 449 1686 Ita
480 1626 569 1686 metu
600 1621 776 1706 perterriti,
808 1644 881 1687 curn
913 1623 948 1687 in
976 1622 1056 1707 fuga
1084 1629 1201 1710 essent,

186 1720 299 1785 multis
322 1719 450 1784 amissis
473 1719 508 1784 in
531 1722 636 1783 castra
658 1741 692 1782 sc
714 1719 884 1803 recipiunt.
937 1723 938 1728 ’

153 1837 166 1884 1
253 1815 372 1884 XXVI.
391 1815 507 1881 Caesar
520 1816 563 1880 ob
576 1816 732 1881 virtutem
746 1820 871 1882 turmae
885 1816 1055 1882 Cassianae
1068 1818 1203 1884 donarit

188 1914 354 1979 denarium
381 1914 445 1978 tria
472 1913 564 1978 milia
590 1918 623 1978 et
649 1913 811 1997 praefecto
834 1919 965 1999 torques
988 1937 1102 1981 aureos
1123 1925 1145 1982 ἢ
1169 1921 1202 1982 et

154 2031 169 2078 ι
188 2012 253 2077 leri
271 2015 374 2076 armat
374 2033 451 2076 urae
469 2011 635 2077 denarium
654 2012 717 2078 duo
736 2012 834 2077 milia.
848 2009 929 2078 Hoc
943 2011 1047 2078 dieA.
1060 2013 1202 2080 Baebius

188 2107 272 2174 ecc,
286 2107 417 2173 Flavius
436 2111 470 2173 et
485 2107 525 2172 A
537 2108 717 2176 Trebellius
717 2110 870 2195 ,equites
884 2109 1023 2174 Romani
1034 2091 1202 2198 Astenses,

189 2209 322 2292 argento
341 2227 441 2290 prope
459 2207 535 2271 tect
526 2229 538 2270 1
556 2207 681 2291 equites
699 2161 739 2272 ad
758 2207 925 2274 Caesarem
944 2199 1203 2295 transfur'gerunt3

190 2305 247 2388 qui
273 2303 505 2369 nuntiaverunt
490 2305 622 2389 tequit
623 2325 656 2370 es
607 2305 848 2370 tltomanos
875 2305 1058 2371 coniurasse
1087 2308 1202 2393 omnis,

190 2402 246 2485 qui
269 2401 303 2465 in
326 2399 440 2465 castris
458 2399 593 2512 Pompei
611 2407 727 2488 essent,
749 2406 787 2468 ut
804 2402 1028 2468 transitionem
1046 2403 1203 2491 facerent;

190 2521 274 2564 servi
266 2497 407 2563 'indicio
421 2520 531 2563 omnes
545 2500 579 2564 in
593 2501 771 2566 custodiam
786 2522 855 2565 esse
869 2487 1040 2586 coniectos,
1054 2502 1202 2586 equibus

155 2615 170 2663 e
189 2616 356 2661 occasione
380 2600 473 2680 capta
495 2619 529 2662 se
551 2597 772 2682 transfugisse
809 2595 892 2662 Item
915 2597 977 2663 hoc
1000 2598 1051 2664 die
1073 2599 1203 2665 litterae

190 2715 252 2758 sun
252 2692 468 2776 tdeprensae‚
486 2715 565 2777 quas
582 2695 735 2760 mittebat
746 2692 927 2760 Ursaonem
944 2694 1000 2760 Cn.
1014 2695 1202 2781 Pompeius:

155 2783 159 2791 ⁸
190 2789 238 2856 Ἥ.
257 2788 297 2856 V.
317 2787 353 2854 G.
376 2789 415 2854 E.
433 2788 473 2856 V.
516 2790 604 2876 Etsi,
631 2796 729 2876 prout
755 2796 868 2857 nostra
893 2792 1046 2879 felicitas,
1069 2817 1110 2859 ex
1132 2817 1203 2860 sen-

88 2917 91 2922 ·
191 2887 294 2953 tentia
322 2887 520 2953 adversarios
547 2887 651 2954 adhuc
679 2888 850 2974 propulsos
872 2891 1031 2977 habenas,
1064 2893 1149 2978 [qui]
1173 2892 1202 2957 si

191 3007 300 3070 aequoe
324 2985 396 3051 loco
428 2986 479 3052 sui
510 2989 704 3070 potestatem
735 2987 891 3074 facerent,
923 2988 1072 3074 celerius,
1103 3012 1202 3075 quam

155 3104 172 3150 4
190 3089 299 3150 vestra
321 3084 431 3168 opinio
453 3085 530 3170 fert,
552 3084 673 3150 bellum
696 3084 918 3171 confecissem3
945 3085 1001 3151 sed
1024 3088 1201 3153 exercitum

191 3182 330 3247 tironem
357 3204 422 3246 non
450 3182 569 3248 audent
595 3183 629 3246 in
657 3204 805 3266 campum
832 3185 986 3250 deducere
1017 3187 1202 3271 nostrisque

192 3280 296 3345 adhuc
321 3279 397 3344 freti
427 3280 595 3365 praesidiis
621 3279 743 3344 bellum
770 3282 899 3347 ducunt.
943 3281 1030 3349 Nam
1057 3284 1202 3370 singulas

192 3377 339 3444 civitates
358 3378 643 3464 circumsederunt,
664 3378 794 3444 atinde
817 3379 881 3446 sibi
898 3385 1095 3447 commeatus
1117 3382 1202 3467 capi-

118 3495 173 3537 „s
192 3482 255 3543 ant.
284 3475 389 3553 Quare
412 3482 445 3543 et
467 3477 612 3543 civitates
635 3481 818 3542 nostrarum
840 3476 981 3562 partium
1005 3477 1201 3542 conservabo

247 3573 368 3640 bellum
390 3575 496 3658 primo
519 3594 647 3658 quoque
670 3579 814 3660 tempore
837 3577 1012 3642 conficiam.
1046 3574 1201 3640 cohortes
