2414 3968
59 183 106 238 IV.
121 182 380 238 APOPHTHEGM.
393 181 451 237 sivo
462 181 571 237 DICTA
583 181 749 239 COLLECT.
769 184 802 239 V.
818 185 992 240 CARMINA.
1011 187 1074 252 149

183 364 243 430 IV.
273 362 703 429 APOPHTHEGMATA
726 367 790 432 siae
812 365 956 432 DICTA

398 459 741 528 COLLEOTANEA.

134 575 206 631 Suet.
232 576 306 631 Caes.
331 580 375 630 56.
417 575 560 630 Feriuitur
591 582 616 630 et
647 593 665 628 a
692 592 780 644 puero
807 583 832 631 et
858 577 893 630 ab
921 577 1075 632 adulesceu-

61 648 120 702 tuto
144 647 279 716 quaedum
299 648 414 716 scripta,
435 653 468 702 ut
489 646 602 700 Laudes
620 647 764 713 Herculis,
787 648 928 718 truyoedia
949 647 1077 716 Oedipus,

61 718 237 844 mamm
269 719 445 784 collacteam,
476 733 542 787 quos
569 719 657 772 amuis
688 719 791 773 libellos
822 720 907 774 uetuit
933 719 1077 790 Auoustus

59 806 101 860 pu
129 806 207 844 uari.

136 869 190 924 Cic.
214 870 253 923 ad
275 869 356 924 Fau.
379 870 436 934 IX,
460 874 504 935 16,
527 872 551 922 4.
589 869 642 923 Sed
669 875 760 923 tarucu
787 870 844 940 ipse
871 870 972 925 Caesar
998 872 1078 926 habet

58 957 172 1010 peracre
195 941 342 1007 iudicium,
364 947 401 1006 et,
419 947 451 995 ut
468 939 592 1006 Seruius,
614 941 702 1006 frater
719 947 797 1007 tuus,
816 958 894 1009 quera
912 943 1075 996 litteratissi-

62 1029 138 1066 τοττι
154 1013 239 1078 fuisse
257 1012 359 1078 iudico,
376 1013 458 1078 facile
476 1012 588 1065 diceret:
608 1011 663 1066 ‘iiic
680 1028 773 1066 uersus
787 1013 886 1067 Plauti
898 1029 955 1067 uou
968 1021 1015 1079 est,
1033 1015 1077 1068 iiic

62 1084 127 1149 est’,
150 1085 222 1151 quod
239 1084 320 1138 tritas
343 1100 423 1137 aures
445 1083 553 1137 haberet
574 1083 706 1137 uotaudis
727 1085 871 1154 acueribus
890 1090 1035 1152 poetarum
1053 1091 1078 1139 et

62 1154 256 1209 cousuetudine
279 1155 393 1225 ieyeudi,
419 1155 459 1208 sic
486 1154 570 1208 audio
595 1153 745 1219 Caesarem,
773 1172 834 1208 curu
856 1156 997 1209 ociumiua
1020 1157 1083 1210 iaia·

63 1227 208 1292 confecerit
230 1223 472 1295 ἀποφθεγμάτων,
495 1225 520 1278 si
542 1225 615 1294 quod
638 1225 783 1292 adseratur
801 1226 838 1280 ad
860 1243 922 1280 euru
940 1243 993 1295 pro
1011 1243 1077 1292 uico,

63 1297 137 1365 quod
159 1314 247 1351 raeuui
268 1314 325 1351 uou
347 1297 396 1363 sit,
419 1298 517 1351 reicere
539 1296 637 1361 soiere;
660 1297 732 1365 quod
755 1313 785 1351 eo
802 1314 878 1352 uuae
895 1298 984 1367 mauis
1000 1299 1078 1364 facit,

62 1369 130 1436 quia
148 1371 244 1422 oiouut
261 1385 363 1422 raecum
380 1369 437 1434 fere
455 1368 552 1422 cotidie
567 1368 645 1421 iilius
657 1369 812 1434 familiares
817 1389 828 1434 ;
846 1368 975 1422 iuciduut
988 1375 1078 1422 autera

62 1439 95 1493 iu
116 1456 237 1494 sermouc
259 1439 337 1494 uario
360 1440 461 1506 uuita,
484 1455 553 1508 quae
570 1439 685 1504 fortasse
703 1439 774 1505 iilis,
796 1456 856 1493 cara
875 1439 950 1506 dicei,
968 1456 1016 1493 uec
1034 1441 1077 1493 iu·

63 1511 185 1565 litterata
202 1528 251 1565 uec
268 1511 377 1565 iusuisd
393 1527 447 1565 esse
465 1511 612 1565 uideuatur
616 1530 627 1575 ;
651 1511 716 1564 iaec
734 1511 772 1564 od
789 1511 869 1564 iiiuui
886 1527 948 1564 curu
966 1511 1079 1579 reliquis

63 1582 132 1636 actis
150 1583 331 1650 perseruutur
349 1614 383 1621 —
402 1583 443 1637 ita
465 1583 538 1636 euim
560 1581 617 1649 ipse
639 1582 783 1636 mandauit
800 1602 849 1634 -:
872 1582 912 1635 sic
929 1583 974 1648 dt,
991 1589 1036 1647 ut,
1053 1582 1079 1636 si
1100 1651 1103 1656 .

63 1653 131 1721 auid
145 1660 288 1721 praeterea
307 1654 339 1708 de
357 1671 397 1708 rae
416 1653 528 1718 audiat,
546 1668 603 1706 uou
621 1653 791 1707 audieuduui
805 1659 890 1721 putet.

425 1974 460 2040 V.
490 1973 717 2040 CARMINA.

136 2095 209 2149 Suet.
226 2093 300 2148 Ooes.
316 2099 360 2149 56.
387 2095 510 2165 Reliquit
528 2103 552 2150 et
569 2097 603 2151 de
615 2096 756 2167 Auaiooio
774 2099 843 2152 duos
862 2097 945 2152 libros
958 2103 983 2152 et
996 2096 1078 2151 Auti-

64 2173 174 2222 catoues
205 2167 315 2221 totideru
346 2183 380 2220 ac
406 2173 549 2235 praeterea
576 2183 687 2236 poema,
719 2169 791 2236 quod
822 2169 983 2223 inscribitur
1013 2169 1078 2222 Iter.

67 2238 189 2308 Quuuue
212 2238 344 2291 librorum
362 2239 468 2306 primos
491 2239 522 2291 iu
544 2239 665 2294 trausitu
683 2238 799 2307 Alpium
821 2257 882 2293 cura
906 2257 940 2294 eu
958 2239 1080 2293 citeriore

67 2309 164 2364 Gallia
187 2310 361 2363 cauoeutibus
379 2310 500 2378 peractis
518 2311 556 2364 ad
578 2310 723 2364 caudium
740 2311 853 2377 rediret,
875 2316 1012 2379 sequeutcs
1029 2310 1079 2364 surb

63 2387 169 2449 tempus
192 2380 360 2434 Muudeusis
378 2381 481 2449 proelii
502 2382 579 2450 fecit,
606 2382 796 2448 nouissimum,
818 2382 885 2435 dura
907 2383 942 2435 ab
964 2381 1030 2435 urbe
1048 2382 1079 2434 iu
1129 2385 1131 2389 ’

64 2451 238 2520 Hispaniam
254 2452 409 2506 ulteriorem
427 2459 524 2521 quarto
542 2459 567 2507 et
584 2452 728 2506 aiceusirao
746 2453 791 2507 die
804 2454 935 2521 peremit.

134 2541 209 2594 Ibid.
243 2539 387 2595 Feruntur
412 2547 438 2595 et
464 2559 484 2594 a
506 2557 593 2609 puero
616 2547 641 2594 et
663 2541 698 2594 ab
722 2541 923 2596 adulescentulo
944 2540 1079 2609 quaedum

62 2612 176 2680 scripta,
194 2618 226 2666 ut
243 2611 356 2665 Laudes
374 2612 517 2678 Herculis,
535 2612 677 2682 traaoedia
698 2612 816 2681 Oedipus
835 2654 842 2667 .
858 2653 886 2666 ..
907 2629 974 2681 quos
991 2612 1079 2666 ortuis

63 2684 167 2738 libellos
184 2683 269 2739 oetuit
286 2683 430 2753 Aucustus
443 2684 592 2752 pubiuari.

138 2773 201 2827 Tac.
212 2773 245 2827 de
257 2771 331 2827 Orat.
342 2776 386 2827 21.
406 2772 473 2827 Nisi
491 2774 539 2841 qui
557 2779 582 2828 et
599 2773 724 2827 carmiua
742 2774 888 2828 eoruudeui
901 2772 1041 2840 (Caesaris
1054 2779 1079 2826 et

64 2843 162 2910 Bruti)
190 2845 317 2898 miratur.
355 2843 491 2898 Feceruut
518 2845 590 2899 euim
612 2851 637 2899 et
658 2846 784 2898 carmiua
806 2852 831 2900 et
853 2846 885 2898 iu
908 2844 1079 2898 bibliothecas

63 2916 239 2981 rettuleruut,
265 2931 322 2969 uou
344 2916 453 2982 melius,
478 2933 561 2985 quam
580 2915 685 2982 Cicero,
712 2917 758 2970 sed
779 2917 901 2983 felicius,
928 2916 995 2984 quia
1017 2915 1079 2970 iilos

64 2985 159 3051 fecisse
173 2987 319 3053 pauciores
336 2987 434 3041 sciusat.

137 3074 212 3129 Piut.
238 3074 312 3129 Caes.
336 3079 362 3130 2.
400 3076 457 3130 Καὶ
485 3075 627 3145 ποιήματα
654 3074 771 3146 γράφων
799 3077 847 3130 καὶ
874 3072 974 3145 λόγους
1000 3074 1078 3138 τινὰς

65 3145 217 3211 ἀκροαταῖς
236 3144 352 3209 ἐκείνοις
373 3151 420 3215 (sc.
436 3148 540 3216 piratis
557 3147 702 3215 Asiaticis)
722 3147 829 3217 ἐχρῆτο.

138 3233 214 3287 Pau
229 3235 320 3302 Epist.
335 3236 368 3302 V,
382 3240 409 3302 3,
422 3240 448 3290 2.
481 3235 571 3290 Facio
588 3251 795 3304 muueouquaiu
813 3236 958 3291 uersiculos
976 3253 1077 3293 seueros

62 3321 179 3373 purum,
197 3306 286 3371 facio:
304 3307 386 3360 etiauc
403 3308 554 3362 comoedias
572 3307 657 3361 audio
675 3314 700 3362 et
717 3313 805 3376 specto
823 3308 918 3362 uiuos
935 3315 961 3364 et
979 3311 1078 3380 lyricos

64 3377 123 3445 ieao
137 3383 162 3430 et
175 3375 316 3431 Sotadicos
329 3378 468 3449 iuteiieoo,·
486 3379 637 3447 aliquaudo
647 3385 790 3448 praeterea
803 3377 888 3444 rideo,
905 3380 987 3446 iocor,
1005 3382 1078 3447 tudo,

65 3453 147 3515 utque
178 3449 272 3501 omuia
302 3450 433 3504 iruuoaiae
460 3450 628 3504 remissiouis
657 3466 756 3520 yeuera
784 3450 897 3505 oreuur
924 3453 1078 3521 amplectas,

63 3519 142 3577 domo
164 3535 232 3572 sum.
269 3520 329 3574 Nec
352 3537 413 3574 τετε
435 3523 540 3576 moleste
562 3521 620 3586 fero
644 3522 716 3584 hauc
738 3537 792 3576 esse
814 3522 847 3576 de
869 3525 989 3578 moribus
1012 3525 1079 3578 ureir

65 3590 306 3658 coistiucatioueue,
333 3598 364 3647 ut
391 3593 439 3661 qui
465 3593 591 3647 uesciuut
617 3593 687 3647 talia
714 3592 881 3647 doctissimos
905 3596 1080 3663 scurissimos
