2414 3968
358 197 434 252 cnr.
447 197 760 265 ,nixum-amn.
1023 201 1066 265 95

57 345 98 407 ad
116 343 280 427 Thapsum
299 342 411 407 relicta
433 341 573 425 reliquas
595 363 692 405 naves
716 341 806 405 iubet
828 345 903 425 post
925 343 1067 408 hostium

57 446 185 526 tergum
204 463 300 524 quam
318 439 456 503 maxime
476 438 515 502 ad
532 438 611 502 litus
630 437 748 522 adpelli
767 438 959 524 signumque
973 461 1067 504 suum

58 539 236 621 observare,
259 557 322 620 quo
346 536 439 620 signo
463 535 536 599 dato
561 535 668 621 subito
693 535 830 600 clamore
848 535 933 601 facto
953 560 993 601 ex
1011 537 1067 600 im·
1095 559 1097 562 ·

56 635 186 719 proviso
209 633 357 698 hostibus
385 632 504 696 aversis
532 632 712 697 incuterent
739 636 908 718 terrorem,
934 638 972 698 ut
998 655 1067 717 per-

56 732 180 796 turbati
207 752 243 794 ac
270 729 434 814 perterriti
460 729 618 813 respicere
646 733 721 813 post
747 733 838 814 terga
870 735 1067 815 cogerentur.

122 825 267 890 LXXXI.
304 826 374 903 Quo
393 828 565 910 postquam
580 825 696 891 Caesar
713 827 860 911 peruenit
878 832 911 891 et
930 828 1067 892 animad-
1087 846 1102 893 1

55 924 155 989 vertit
187 924 286 987 aciem
317 945 376 1007 pro
408 921 493 986 vallo
525 920 683 1007 Scipionis
717 924 857 1009 [contra]
890 925 1068 1010 elephantis

57 1023 169 1085 dextro
198 1021 392 1104 sinistroque
420 1041 519 1084 cornu
548 1021 736 1106 conlocatis,
768 1026 801 1086 et
832 1021 933 1086 nihilo
961 1023 1068 1086 minus

55 1122 181 1202 partem
203 1117 345 1181 militum
369 1121 473 1181 castra
494 1138 560 1180 non
579 1117 739 1201 ignaviter
756 1119 891 1202 munire,
914 1119 983 1203 ipse
1002 1119 1068 1183 acie

55 1216 177 1301 triplici
214 1214 392 1298 conlocata,
427 1213 554 1299 legione
587 1232 613 1278 x
648 1233 779 1299 xr11que
815 1216 927 1280 dextro
960 1238 1069 1301 comu,

55 1331 118 1377 xrv
140 1317 173 1377 et
195 1329 233 1375 1x
251 1311 382 1385 sinistro
407 1311 578 1395 oppositis,
608 1313 749 1397 quinque
778 1313 943 1398 legiones.
959 1365 965 1378 .
981 1364 1010 1378 ..
1033 1315 1068 1377 in
1097 1357 1099 1361 ι

56 1414 172 1495 quarta
200 1406 270 1473 acie
298 1408 338 1471 ad
365 1408 436 1490 ipsa
462 1429 582 1472 cornua
609 1409 716 1492 quinis
745 1408 929 1473 cohortibus
958 1413 1069 1473 contra

56 1508 176 1572 bestias
200 1505 387 1588 conlocatis,
410 1505 600 1590 sagittariis,
625 1505 843 1570 funditoribus
866 1507 900 1570 in
923 1506 1069 1590 utrisque

56 1607 207 1672 cornibus
222 1602 387 1687 dispositis
401 1602 528 1686 levique
547 1606 709 1667 armatura
727 1603 820 1667 inter>
831 1602 954 1686 equites
972 1602 1085 1666 inter·

55 1706 150 1786 iecta,
183 1701 252 1784 ipse
284 1699 419 1783 pedibus
452 1701 572 1765 circum
601 1699 722 1764 milites
750 1721 943 1764 concursans
968 1700 1069 1764 virtu·

55 1806 169 1884 tesque
187 1797 619 1881 veteranorumproehaque
638 1798 803 1882 superiora
817 1819 1068 1862 commemorans

55 1894 236 1977 blandeque
259 1893 424 1976 appellans
447 1894 571 1958 animos
594 1917 706 1959 eorum
729 1895 897 1960 excitabat.
934 1894 1068 1959 Tirones
1087 1913 1104 1962 a

57 1996 178 2074 autem,
202 1989 257 2072 qui
280 2011 455 2073 numquam
478 1991 511 2054 in
535 1991 603 2055 acie
625 1992 843 2075 dimicassent,
870 1991 1068 2075 hortabatur,

56 2091 94 2152 ut
120 2089 345 2150 veteranorum
372 2084 525 2149 virtutem
554 2089 790 2151 aemularentur
819 2109 993 2172 eorumque
1024 2088 1069 2152 fe-

55 2206 152 2267 mam,
174 2181 291 2264 locum‚
314 2201 431 2244 nomen
453 2181 589 2247 victoria
611 2188 704 2267 parta
727 2187 879 2267 cuperent
897 2185 1068 2267 possidere.
1189 2188 1191 2193 ’

123 2275 284 2343 LXXXII.
329 2276 443 2362 Itaque
466 2279 500 2341 in
519 2279 744 2345 circumeundo
767 2281 909 2345 exercitu
930 2280 1068 2344 animad-
1088 2300 1104 2348 1

56 2377 157 2443 vertit
173 2375 283 2439 hostes
303 2375 387 2439 circa
398 2374 520 2439 vallum
539 2376 699 2459 trepidare
714 2381 809 2460 atque
824 2377 909 2441 ultro
925 2378 1069 2461 citroque

56 2474 190 2560 pavidos
218 2493 406 2536 concursare
434 2475 467 2536 ct
493 2471 589 2536 modo
617 2495 651 2538 se
679 2475 764 2538 intra
786 2477 896 2558 portas
919 2474 1070 2558 recipere,

55 2571 152 2638 modo
176 2572 394 2634 inconstanter
416 2570 689 2655 immoderateque
707 2570 844 2655 prodire.
886 2568 966 2635 Cum
985 2571 1069 2635 idem
1088 2591 1105 2638 a

57 2693 76 2734 a
106 2669 254 2754 pluribus
287 2666 497 2732 animadverti
525 2670 674 2752 coeptum
702 2672 799 2751 esset,
832 2667 939 2731 subito
970 2666 1070 2751 legati

57 2766 244 2850 evocatique
272 2764 438 2829 obsecrare
471 2762 651 2849 Gaesarem,
683 2787 722 2829 ne
750 2765 912 2829 dubitaret
940 2765 1069 2849 signum
1163 2790 1166 2795 ·

58 2864 145 2927 dare:
167 2861 336 2926 victoriam
359 2861 422 2927 sibi
444 2861 608 2945 propriam
629 2883 648 2925 a
666 2862 715 2925 dis
739 2860 976 2925 immortalibus
998 2883 1069 2945 por-

57 2960 154 3024 tendi.
199 2959 376 3023 Dubitante
403 2956 537 3023 Caesare
565 2962 661 3043 atque
685 2980 796 3023 eorum
819 2959 924 3023 studio
950 2958 1105 3042 cupidi-3

58 3056 181 3139 tatique
194 3055 363 3120 resistente
378 3055 504 3140 sibique
519 3056 686 3139 eruptione
704 3056 842 3140 pugnari
860 3077 925 3120 non
943 3056 1068 3140 placere
1179 3124 1181 3129 ,

58 3152 250 3235 clamitante,
269 3152 366 3216 etiam
385 3156 481 3236 atquc
501 3153 598 3218 etiam
617 3153 717 3217 aciem
733 3155 941 3236 sustentante,
960 3153 1068 3218 subito

59 3250 170 3314 dextro
195 3270 293 3313 comu
316 3249 440 3315 iniussu
464 3247 608 3314 (laeseris
632 3250 763 3314 tubicen
788 3272 807 3313 a
832 3249 991 3314 militibus
1020 3271 1069 3314 co-

57 3350 148 3411 actus
168 3368 279 3411 canere
298 3347 411 3430 coepit.
449 3345 518 3423 Quo
537 3347 623 3411 facto
642 3347 681 3410 ab
701 3346 859 3412 universis
882 3347 1068 3412 cohortibus
1087 3365 1105 3412 4

57 3443 150 3526 signa
172 3441 207 3504 in
228 3440 356 3506 hostem
379 3464 509 3528 coepere
534 3444 654 3528 inferri,
677 3465 750 3508 cum
774 3445 975 3509 centuriones
998 3466 1069 3529 pec·

56 3544 126 3604 tore
149 3539 283 3603 adverso
305 3539 491 3606 resisterent
515 3541 611 3626 vique
640 3540 841 3605 continerent
867 3541 1000 3626 milites,
1028 3563 1069 3605 ne
