2414 3968
427 215 503 272 CAP.
522 216 758 310 XXPXXVOE
1037 220 1100 284 123

185 362 292 426 animo
321 361 424 427 habeo
457 361 497 427 ed
528 384 586 427 vos
618 363 756 427 mittere.
810 361 961 429 Profectu
989 369 1100 430 nostro

88 463 268 524 commeatu
300 459 419 544 privati
450 460 630 524 necessario
663 461 702 525 ad
730 461 946 526 dimicandum
974 463 1101 528 descen·
1186 526 1188 530 .

89 557 192 621 dent!
327 559 329 563 ’
1046 612 1049 617 ,

153 653 289 720 XXVII.
334 653 521 739 Insequenti
549 659 692 740 tempore
720 677 794 721 oum
821 657 925 722 nostri
947 658 980 722 in
1004 677 1134 743 operer

44 821 46 825 ,
87 753 220 818 distenti
238 755 354 836 essent,
372 752 497 836 equites
515 752 550 816 in
568 753 697 838 oliveto,
716 754 792 819 dum
810 753 985 840 lignantur,
1004 757 1100 821 inter-

50 923 52 928 *
86 850 164 915 fecti
196 854 273 914 sunt
304 849 436 934 aliquot.
482 847 574 914 Servi
601 850 858 936 transfugerunt,
890 852 946 936 qui
973 855 1135 919 nuntia-2

86 953 216 1033 verunt,
248 971 274 1012 a.
303 948 332 1012 d.
358 965 398 1011 111
425 945 509 1013 Non.
532 945 626 1011 Mart.
653 949 812 1032 proelium
840 949 880 1013 ad
907 947 1100 1015 Soricariam

87 1046 174 1130 quod
195 1046 317 1109 factum
340 1048 399 1130 est,
422 1066 462 1109 ex
485 1067 522 1109 eo
545 1049 689 1129 tempore
708 1049 830 1109 metum
850 1067 919 1110 esse
937 1066 1100 1132 magnum,

87 1149 119 1208 et
146 1142 275 1208 Attium
298 1141 422 1207 Varum
449 1143 569 1208 circum
598 1142 739 1207 castellis
766 1164 920 1226 praeesse.
970 1144 1020 1208 Eo
1048 1145 1135 1212 dies

85 1241 260 1326 Pompeius
283 1244 388 1306 cestra
409 1241 513 1305 movit
536 1244 568 1304 et
596 1244 708 1304 contra
730 1240 753 1324 †
777 1237 900 1324 Spalim
923 1241 956 1304 in
980 1241 1098 1307 oliveto

86 1339 265 1404 constituit.
298 1337 414 1403 Caesar
431 1338 620 1423 priusquam
639 1337 751 1402 eodem
770 1340 820 1402 est
833 1337 1005 1424 profectus,
1023 1339 1101 1405 lune

86 1436 167 1502 hora
190 1438 317 1503 circiter
340 1440 431 1501 sexta
453 1436 523 1500 visa
545 1440 602 1500 est.
639 1433 691 1500 Ita
709 1436 823 1500 castris
841 1437 940 1501 motis
957 1435 1098 1503 Ucubim
1117 1454 1134 1501 4

83 1534 258 1619 Pompeius
280 1535 491 1619 praesidium,
514 1532 600 1618 quod
626 1533 771 1618 reliquIt,
804 1533 899 1599 iussit
922 1535 1099 1620 incendere,

84 1638 122 1697 ut
145 1633 258 1697 deusto
282 1633 400 1716 oppido
425 1633 459 1696 in
482 1635 587 1696 castra
609 1631 732 1696 maiora
759 1652 793 1695 se
815 1631 1002 1715 reciperent.
1047 1632 1134 1697 Ino

85 1731 234 1814 sequenti
252 1728 622 1814 temporeVentiponem
646 1727 799 1813 oppidum
821 1750 894 1793 cum
913 1752 1099 1817 oppugnare

84 1828 251 1913 coepisset,
274 1827 436 1892 deditione
453 1828 539 1891 facta
557 1827 619 1891 iter
635 1826 713 1891 fecit
731 1826 765 1890 in
785 1825 965 1912 Carrucam,
986 1833 1098 1893 contra

83 1922 275 2033 I‘oinpeium
303 1929 408 1989 cestra
438 1925 557 2009 posuit
605 1923 779 2008 Pompeius
811 1925 978 2011 oppidum,
1011 1927 1132 2011 quode

84 2025 278 2107 contrapua
299 2021 459 2105 praesidia
480 2025 590 2105 portas
614 2021 790 2101 clausisset,
814 2022 968 2108 incendit,
991 2024 1098 2088 miles-

85 2141 160 2204 que,
190 2116 249 2211 qui
279 2119 412 2183 fratrem
444 2141 539 2183 suurn
570 2120 605 2183 in
634 2119 747 2183 castris
775 2119 965 2205 iugulasset,
1001 2122 1097 2185 inter·

57 2300 60 2305 ἢ
84 2221 197 2300 ceptus
214 2220 264 2281 est
282 2239 301 2281 a
318 2217 438 2281 nostris
457 2219 490 2280 et
507 2216 648 2280 fustibus
667 2237 845 2299 percussus.
876 2215 963 2280 Hinc
981 2217 1098 2282 itinere

83 2315 170 2379 facto
188 2317 222 2379 in
241 2336 388 2399 campum
406 2313 618 2378 Mundensem
637 2335 708 2377 cum
728 2316 813 2378 esset
830 2317 972 2398 ventum,
991 2319 1097 2380 castra

84 2417 197 2478 contra
218 2413 408 2496 Pompeium
431 2411 609 2476 constituit.

150 2509 302 2575 XXVIII.
340 2508 494 2594 Sequenti
517 2509 567 2574 die
591 2530 664 2574 curn
686 2508 869 2574 iterfecere
889 2508 1097 2574 Caesareum
1116 2527 1129 2574 1

83 2609 185 2694 copiis
208 2608 319 2693 vellet,
346 2607 566 2672 renuntiatum
589 2610 639 2671 est
661 2606 701 2670 ab
725 2606 980 2690 speculatoribus
1002 2606 1096 2671 Pom-

82 2708 191 2791 peium
220 2707 258 2772 de
286 2706 382 2771 tertia
408 2705 521 2791 vigilia
547 2706 591 2769 in·
609 2704 676 2768 acie
704 2703 841 2768 stetisse.
886 2703 958 2768 Hoc
980 2704 1130 2769 nuntios

83 2805 190 2870 adlato
219 2803 374 2870 vexillum
401 2803 579 2887 proposuit.
623 2799 746 2866 Idcirco
775 2802 860 2866 enim
890 2802 1000 2886 copias
1023 2801 1096 2866 edu-

83 2907 188 2987 xerat,
220 2902 306 2986 quod
334 2900 588 2967 Ursaonensium
620 2900 758 2984 civitati,
789 2901 845 2982 qui
875 2900 926 2964 suc'
958 2899 1097 2964 fuissent
1156 2924 1158 2929 ·

83 3000 239 3085 fautores,
275 3005 370 3065 antea
404 3000 530 3065 litteras
565 2997 698 3062 miserat
734 2996 902 3062 Caesarem
938 2997 1024 3063 nolle
1060 2998 1095 3061 in

84 3096 262 3161 convallem
285 3097 483 3180 descendere,
506 3095 592 3180 quod
613 3096 767 3160 maiorem
789 3099 914 3179 partem
935 3096 1093 3160 exercitus

84 3194 223 3259 tironem
253 3193 394 3258 haberet.
439 3192 510 3258 Hae
540 3191 666 3258 Iltterae
693 3193 898 3258 vehementer
929 3193 1129 3257 confirma-3

84 3292 164 3355 bant
195 3295 318 3355 mentes
350 3290 591 3375 oppidanorum.
635 3288 688 3355 Ita
717 3290 778 3355 hac
811 3291 961 3374 opinione
991 3290 1093 3355 fretus

84 3393 157 3453 tuto
190 3411 223 3453 se
255 3387 359 3452 facere
390 3410 484 3473 posse
517 3387 735 3452 existimabat:
767 3387 886 3452 etenim
918 3391 951 3452 et
979 3391 1094 3452 natura

83 3487 148 3551 loci
167 3484 395 3550 defendebatur
413 3490 446 3551 et
463 3486 565 3569 ipsius
584 3486 694 3570 oppidi
712 3485 901 3571 munitione,
914 3485 971 3550 ubi
989 3489 1094 3550 castra

82 3585 199 3649 habuit
225 3584 407 3653 constituta.
452 3583 601 3668 Namque
628 3588 666 3648 ut
692 3584 840 3668 superius
865 3583 1129 3648 demonstravi-4

75 3695 78 3699 .
898 3685 934 3740 9,
