2414 3968
82 153 148 218 170
295 151 323 208 C.
342 152 429 208 IULII
448 151 620 208 CAESARIS
639 151 877 208 FRAGMENTA.

80 312 136 365 quo
156 312 189 350 ex
207 295 270 350 loco
288 295 424 350 terminus
444 294 548 364 aberit,
574 294 679 363 siquis
702 295 733 349 in
751 311 815 349 eum
832 294 928 350 locum
947 296 1105 352 terminum

79 367 228 421 restituere
251 366 339 435 volet,
364 366 424 420 sine
447 366 546 420 fraude
571 383 623 420 suu
645 366 731 421 liceto
748 366 946 436 facere,-neve
965 367 1040 437 quid
1059 368 1105 423 cui

80 438 105 493 is
124 439 161 494 ob
180 455 243 493 eam
261 454 320 492 rem
338 438 392 492 hac
411 438 474 508 lege
494 438 561 492 dare
580 438 698 492 damnas
717 441 786 492 esto.

153 510 194 578 Of.
226 510 374 564 Callistrat.
403 510 470 580 Dip.
489 513 535 576 47,
553 513 603 577 21,
622 513 653 577 3,
677 527 722 579 pr.
759 510 831 594 Lepe
858 511 990 580 apraria,
1021 528 1106 581 quam

83 581 174 636 Gaius
198 582 299 636 Cacsar
321 583 398 647 tuiit,
426 583 556 636 aduncus
579 597 634 647 eos,
658 582 706 650 qui
728 587 856 636 terminon
878 587 1000 637 statutas
1024 589 1105 637 cetra

79 670 161 709 sicum
189 654 307 724 pradum
334 654 431 720 finesic
458 653 590 707 moeniut
616 653 679 707 ciale
706 653 792 718 mala,
814 653 985 722 peciuumu
1009 669 1106 723 paena

82 725 232 780 contituta
255 730 306 779 cet:
329 740 396 778 nau
419 725 450 777 in
473 725 601 779 terminos
620 725 757 794 einpuios,
780 739 846 793 quos
864 724 995 779 eiecerint
1015 725 1105 781 lucore

80 796 224 863 mouerint,
251 795 455 865 quinquaqinta
480 811 579 850 aureos
600 796 632 849 in
656 796 768 864 publico
791 795 856 849 dari
878 795 967 849 iubet:
993 802 1021 851 ct
1044 797 1105 851 ciue

81 869 213 922 aetiauent
235 867 396 936 petitionem
423 867 448 920 ei
474 868 523 935 qui
549 867 618 921 uolet
640 883 694 921 esse
717 867 798 921 iubet.
835 867 897 921 Leu
921 865 977 921 Oai.
1007 867 1105 923 Genet.

80 955 101 994 c.
123 943 177 993 104
195 939 274 1004 iufra
288 955 317 1006 p.
333 941 395 992 194.

152 1009 214 1063 Liu.
237 1009 315 1077 Epit.
341 1008 421 1063 CIII.
459 1009 544 1080 Leyee
567 1010 695 1080 aprariae
722 1026 741 1063 a
765 1008 880 1063 Caesare
903 1009 1017 1064 consule
1041 1026 1105 1064 cum

80 1097 184 1205 {napna
207 1081 387 1148 contentione,
410 1081 498 1136 inuita
520 1087 618 1136 senatu
640 1081 772 1135 etaltera
794 1080 903 1135 οονιονλι
925 1080 969 1134 Μ.
996 1080 1105 1136 Bibulo

92 1158 155 1207 atae
172 1157 244 1206 uuit.

158 1223 224 1276 Veii.
243 1222 291 1288 II,
310 1226 359 1288 44,
377 1226 402 1276 4.
439 1222 477 1275 Iu
499 1224 549 1277 hoc
570 1223 715 1277 consulatu
738 1221 840 1277 Caesar
862 1222 944 1292 tepent
966 1223 1049 1290 tulit,
1073 1228 1106 1278 ut

81 1311 146 1366 aper
170 1293 328 1362 Campanus
351 1293 441 1361 plebei
462 1295 642 1360 diuideretur,
664 1309 776 1348 suasore
799 1294 865 1364 lepis
888 1293 1038 1362 Pompeia:
1062 1295 1105 1350 ita

80 1366 188 1420 circiter
205 1365 304 1435 uipinti
322 1365 402 1419 inilia
421 1366 521 1419 ciuium
539 1382 568 1420 eo
587 1365 703 1420 deductu
725 1371 750 1420 et
771 1365 817 1419 ius
841 1365 919 1419 urbis
941 1365 1105 1422 restitutum

77 1443 141 1506 poet
160 1452 247 1490 anrwc
266 1436 372 1490 circiter
391 1443 496 1491 centum
511 1437 714 1506 quinquaqinta
728 1436 796 1490 duos
809 1452 892 1505 quani
906 1435 974 1490 belle
990 1435 1105 1492 Punico

81 1510 116 1562 ab
131 1507 266 1562 Romanis
281 1506 379 1575 Capua
397 1508 428 1560 in
445 1509 564 1574 formam
578 1509 768 1577 praefecturae
785 1507 897 1562 redacta
914 1513 982 1562 erat.
1013 1511 1061 1575 45,
1076 1511 1102 1562 λ,

154 1577 225 1633 Suet.
247 1577 320 1632 Caci.
339 1581 384 1632 20.
420 1577 553 1647 Campum
571 1578 717 1646 Stellatem,
735 1579 885 1633 maioribus
903 1586 1105 1646 caneecratum,

80 1665 230 1720 aprumque
250 1648 430 1716 Campanum,
449 1650 486 1703 aa
503 1650 628 1705 subsidia
645 1652 686 1704 rei
699 1650 828 1719 publicae
845 1649 1005 1719 uectipalem
1023 1651 1103 1706 reiic-

81 1728 148 1787 tuni,
166 1720 262 1775 diuisit
278 1725 357 1774 entra
374 1726 470 1775 sortem
488 1721 526 1774 aa
544 1722 644 1791 uipinti
661 1722 773 1776 milibus
786 1721 896 1787 ciuium,
913 1721 1018 1789 quibus
1032 1723 1105 1777 terni

79 1792 205 1862 pluresue
224 1791 304 1844 liberi
321 1797 414 1846 essent.

153 1863 226 1930 App.
245 1861 316 1915 Beli.
337 1860 523 1928 cu.11,10.
562 1860 678 1932 Νόμους
700 1861 770 1931 tntu
792 1871 849 1917 τῶν
870 1860 1003 1929 πενήτων
1024 1863 1054 1926 ἐς
1071 1863 1104 1918 τδ

82 1931 280 2006 βουλευτήριον
300 1929 420 2001 ἐσέφερε,
439 1933 487 1987 οιαὶ
506 1942 558 2004 γῆν
577 1935 673 1996 αὐτοῖς
691 1931 814 2003 διένεμε,
833 1934 881 1987 καί
899 1932 952 2002 τὴν
971 1933 1102 2003 ἀριστεύ-

83 2021 172 2059 ουσαν
191 2005 278 2073 atine
291 2002 407 2072 μάλιστα
421 2006 485 2072 περί
499 2005 630 2074 Καπύην,
644 2003 703 2078 (ἢ)
719 2004 747 2067 ἐς
759 2004 795 2059 τὰ
809 2003 892 2060 κοινὰ
906 2006 1102 2074 διεμισθοῦτο,
1115 2018 1119 2023 ’

81 2085 139 2138 τοῖς
167 2071 228 2129 ούσι
255 2072 376 2143 πατράσι
399 2074 510 2131 παίδων
533 2085 631 2145 τριῶν,
659 2075 797 2146 ἔμμισθον
826 2074 915 2148 ἑαυτῷ
939 2079 1028 2145 τῆσδε
1053 2085 1102 2148 τῆς

82 2145 196 2217 χάριτος
213 2149 324 2236 πλῆθος
340 2143 455 2203 τοσόνδε
474 2148 652 2216 ποιούμενος·
673 2147 814 2216 δισμύριοι
830 2145 883 2218 γὰρ
898 2145 1017 2216 ἀθρόως
1032 2147 1102 2218 ἐφοί-

81 2236 172 2288 νησαν
191 2217 218 2272 ολ
236 2237 272 2271 τα
289 2220 353 2286 τρία
372 2216 521 2287 τρέφοντες
540 2217 628 2288 μόνοι.

152 2289 226 2358 App.
246 2289 316 2344 But.
338 2290 522 2357 0ia.111,2.
559 2286 622 2344 Ἔτι
650 2288 681 2344 δὲ
710 2289 787 2351 ὄντες
814 2289 923 2342 ἀστικοὶ
949 2291 1103 2362 στρατηγοί

82 2363 216 2429 (Βροῦτος
239 2361 288 2415 uui
306 2359 438 2431 Κάσσιος)
462 2360 511 2416 ὑπ’
533 2360 658 2432 ἀνάγκης
675 2361 724 2416 nui
743 2358 930 2430 διατάγμασιν
950 2356 1000 2415 οία
1020 2380 1104 2432 στρα-

82 2432 175 2556 τηγοίἲ
189 2433 255 2556 colite
282 2432 453 2570 κληρούχους
480 2432 676 2524 ἐθεραπευον,
693 2430 768 2524 ὅσοις
789 2450 819 2485 τε
835 2431 935 2556 Ιὲλλὲοις
962 2430 1104 2559 ἐπενέουυ

82 2521 843 2636 λλιλλλἒλῖλλςμῖιλλλλίίῗλλίῖιῗιίίέίίὶἴω
861 2523 878 2556 ”
894 2521 930 2570 ‘v’
945 2522 997 2558 '⁰⁴’
1013 2525 1032 2559 ν
1051 2524 1105 2574 “⁰''

157 2646 215 2699 Dia
235 2645 309 2699 Cass.
327 2645 508 2712 XXXVIII,
527 2651 554 2712 1,
572 2650 651 2700 4-6.
683 2645 742 2714 Τὴν
761 2643 792 2698 δὲ
811 2645 905 2715 χώραν
922 2643 975 2712 τήν
992 2664 1025 2700 τε
1044 2666 1103 2701 uai-

84 2715 137 2784 νὴν
162 2716 275 2770 ἅπασαν
298 2715 370 2784 πλὴν
394 2724 442 2785 τῆς
461 2715 646 2786 Καμπανίδος
667 2715 745 2786 ίνεμε
764 2747 798 2756 -
815 2716 920 2785 ταύτην
939 2715 993 2786 γὰρ
1014 2717 1048 2773 ἐν
1066 2721 1102 2790 τῷ

84 2785 208 2859 δημοσίῳ
232 2784 374 2853 ἐξαίρετον
398 2786 446 2841 διὰ
470 2787 522 2857 τὴν
545 2788 647 2857 ἀρετὴν
670 2805 735 2843 συνε
754 2787 884 2841 ούλευσεν
903 2782 978 2841 είναι
997 2819 1034 2829 -
1055 2789 1102 2844 καί

82 2857 133 2944 την
156 2857 256 2926 λοιπὴν
280 2856 342 2911 ούτε
365 2857 442 2925 παρα
466 2858 584 2921 ύιιοντὸς
606 2878 683 2921 τινος
706 2856 764 2913 οὒτ’
783 2853 819 2912 αύ
841 2855 908 2912 ὅσον
927 2855 965 2913 δν
985 2858 1014 2913 οί
1034 2880 1101 2930 γεω-

84 2948 166 2997 νομοι
189 2930 375 2998 βουληθῶσιν,
398 2929 467 2983 ἀλλὰ
489 2940 600 2997 πρῶτον
623 2928 673 2998 μὲν
696 2927 763 2999 παρ’
790 2927 924 2997 ἑκόντων,
948 2929 1048 2986 ἔπειτα
1072 2929 1102 2986 δὲ

83 2999 216 3053 τοσούτου
236 2996 302 3053 ύσου
321 2999 352 3054 ἐν
370 3009 432 3063 ταῖς
450 3001 631 3071 ἀπογραφαῖς
649 2999 802 3071 ἐτετίμητο,
821 3000 1023 3071 ἀγορασθῆναι
1044 2999 1101 3057 ἐτί-

83 3073 169 3125 λευσε.
207 3069 333 3140 χρήματα
351 3090 380 3126 τε
402 3071 455 3143 γὰρ
473 3072 561 3127 πολλὰ
579 3071 636 3127 ἀπό
654 3091 683 3126 τε
701 3081 751 3141 τῆς
768 3069 843 3134 λείας
860 3069 897 3139 ἣν
916 3071 930 3126 ὁ
951 3073 1102 3142 Πομπήιος

86 3140 194 3211 εἰλήφει
216 3142 265 3195 καί
288 3140 344 3196 ἀπὸ
366 3152 422 3198 τῶν
446 3143 542 3212 φόρων
564 3153 620 3198 τῶν
642 3163 671 3198 τε
694 3147 778 3199 τελῶν
796 3152 852 3197 τῶν
870 3145 1101 3210 προσκαταστοίν·

83 3232 139 3268 τῶν
162 3213 299 3281 περιεῖναί
323 3232 418 3284 σφισιν
437 3215 518 3285 ἔλεγε,
537 3216 586 3270 καί
604 3223 705 3285 χρῆναι
724 3212 808 3281 αύτοί,
832 3213 880 3268 ἅτε
899 3215 1029 3279 καὶτοῖς
1047 3227 1103 3272 τῶν

83 3287 203 3338 πολιτῶν
221 3285 365 3348 κινδύνοις
382 3284 580 3359 πεπορισμένα,
599 3286 627 3348 ἐς
646 3287 748 3348 αὐτούς
766 3282 889 3348 ἐκείνους
903 3285 1102 3359 ἀναλωθῆναι.

83 3355 132 3410 καί
151 3351 245 3423 μέντοι
262 3357 311 3410 καί
328 3359 393 3420 τούς
411 3356 569 3428 γεῶνόμους
587 3356 645 3412 τίν’
664 3355 782 3427 ὀλίγους,
801 3356 869 3410 ὥστε
883 3358 932 3411 καί
946 3357 1101 3415 δυναστεία

82 3426 139 3481 τινί
162 3424 296 3496 ἐοικέναι,
320 3426 378 3482 οὔτ’
401 3428 429 3494 ἐξ
447 3429 627 3497 ὑπευθύνων,
645 3427 712 3482 ὥστε
730 3427 794 3483 τινα
813 3429 994 3498 δυσχερᾶναι,
1014 3413 1102 3486 καθί·

83 3514 146 3566 στη,
169 3496 238 3552 ἀλλὰ
261 3508 371 3624 πῖῶτον
394 3498 444 3568 μὲν
466 3508 516 3554 τοῦ
540 3501 658 3590 συγγνούς
680 3507 729 3568 τῆς
751 3507 831 3569 τιμῆς
849 3510 1006 3570 μετασχεῖν,
1032 3502 1101 3558 είιιο·

82 3585 138 3638 σιν,
157 3567 251 3623 ἔπειτα
270 3571 288 3623 δ
319 3572 384 3633 τοὺς
403 3570 657 3640 ἐπιτηδειοτατους,
676 3571 747 3639 πλὴν
766 3569 876 3626 ἑαυτοῦ.
