2414 3968
117 200 157 266 18
382 200 530 256 BELLUM
547 199 851 256 ALEXANDRINUM.

113 350 245 411 rentum
263 351 347 412 esset
369 348 588 431 instructaque
610 346 774 430 utrimque
791 345 903 410 classis
922 344 1126 411 conflixisset

115 447 147 507 et
169 465 226 508 sua
246 444 474 509 consuetudine
492 440 686 527 Euphranor
707 442 832 527 primus
852 441 1019 527 proelium
1042 464 1124 508 eom·

113 540 254 605 misisset
271 546 304 606 et
320 541 553 627 quadriremem
571 538 715 604 hostium
732 539 929 624 perforasset
946 561 986 604 ae
1004 540 1124 605 demet·

114 636 218 721 sisset,
239 638 420 722 proximam
441 637 571 722 longius
593 636 758 702 insecutus
776 658 891 721 parum
909 636 1064 703 celeriter
1079 638 1124 702 in·

114 735 321 817 sequentibus
343 732 477 818 reliquis
500 733 734 798 circumventus
758 738 808 800 est
825 733 866 798 ab
883 732 1123 800 Alexandrinis.

80 849 95 897 e
115 828 174 894 Oui
192 830 372 895 subsidium
390 850 485 893 nemo
502 829 587 913 tulit
605 830 671 894 sire
690 831 776 915 quod
793 831 827 895 in
845 830 916 915 ipso
936 831 1019 896 satis
1036 852 1123 917 pras

115 926 188 990 sidii
215 947 274 1009 pro
296 924 416 989 virtute
444 946 481 989 ac
502 925 655 991 felicitate
678 928 748 992 eius
772 932 924 1013 putarent
946 948 1036 1014 esse,
1057 929 1123 994 sive

115 1023 201 1107 quod
232 1022 296 1106 ipsi
325 1022 388 1086 sibi
415 1022 578 1087 timebant
623 1022 687 1108 Ita,
714 1025 771 1109 qui
797 1046 880 1089 unus
907 1046 949 1090 ex
972 1026 1123 1093 omnibus

117 1139 155 1181 eo
177 1118 300 1201 proelio
322 1119 403 1184 bene
425 1140 492 1183 rem
516 1120 625 1204 gessit,
647 1121 735 1185 solus
754 1144 826 1187 cum
849 1142 909 1186 sua
925 1122 1122 1207 quadriremi

114 1213 245 1279 victrice
266 1216 370 1299 periit.

82 1332 95 1380 1
180 1310 298 1377 XXVI.
331 1311 397 1377 Sub
422 1314 507 1381 idem
526 1318 654 1398 tempus
671 1313 876 1380 Mithridates
893 1314 1122 1401 Pergamenus,

115 1429 249 1494 magnae
276 1410 455 1476 nobilitatis
479 1411 565 1475 domi
593 1411 808 1496 scientiaeque
834 1413 868 1477 in
894 1410 982 1478 bello
1006 1417 1042 1478 et
1062 1413 1121 1479 rir-

115 1508 209 1592 tutis‚
235 1508 311 1572 fidei
338 1508 567 1593 dignitatisque
594 1508 629 1572 in
653 1509 794 1573 amicitia
816 1509 976 1595 Caesaris,
1002 1511 1121 1575 missas

116 1607 149 1669 in
173 1603 299 1688 Syriam
323 1603 529 1689 Ciliciamque
552 1605 646 1670 initio
668 1605 746 1670 belli
768 1605 981 1671 Alexandrini
1005 1607 1051 1672 ed
1072 1628 1121 1672 an·

115 1701 195 1765 xiiia
217 1700 415 1785 arcessenda,
438 1723 511 1766 cum
533 1702 660 1787 magnis
683 1703 794 1788 copiis,
817 1724 897 1788 quas
920 1704 1071 1770 celeriter
1091 1708 1122 1769 et

116 1796 368 1880 propensissime
394 1797 572 1862 eivitatium
600 1798 769 1869 voluntate
799 1804 832 1865 et
863 1822 923 1866 sus
953 1798 1121 1887 diligentia

118 1892 305 1977 confecerat,
327 1892 441 1958 itinere
463 1894 611 1980 pedestri,
636 1917 701 1980 quo
723 1897 929 1982 coniungitur
950 1896 1121 1984 Aegyptus

83 1988 242 2072 rSyriae‚
270 1988 435 2053 Pelusium
462 1990 590 2054 advenit
616 1991 712 2076 idque
735 1993 888 2079 oppidum
914 1994 1010 2060 firmo
1034 2018 1120 2081 prae

118 2086 200 2150 sidio
228 2090 416 2170 occupatum
443 2084 590 2151 Achillae
620 2093 751 2174 propter
778 2091 1033 2175 oportunitatem
1060 2092 1120 2159 lesi

117 2221 162 2231 —
188 2205 326 2267 namque
355 2188 425 2249 tota
450 2181 619 2269 Aegyptus
647 2186 819 2252 maritume
850 2206 979 2252 assessu
1004 2187 1121 2274 Pharo,

116 2281 256 2366 pedestri
278 2279 406 2346 Pelusio
424 2280 513 2345 velut
535 2281 683 2346 claustris
705 2282 830 2346 munita
851 2281 1060 2352 existimatur
1070 2324 1121 2370 -,

116 2382 246 2464 repente
268 2378 394 2464 magnis
417 2379 647 2443 circumdatum
670 2378 771 2462 copiis
794 2379 981 2464 [multiplici
1003 2383 1121 2467 pracsi-

117 2477 185 2562 dio]
211 2475 418 2561 pertinaciter
443 2475 720 2560 propugnantibus
747 2480 780 2541 et
806 2477 970 2561 copiarum
998 2480 1122 2567 magni·

116 2573 236 2657 tudine,
259 2594 338 2657 quas
361 2573 503 2657 integras
521 2571 696 2636 vulneratis
715 2572 911 2658 defossisque
933 2574 1122 2662 subiciebat,

118 2678 150 2736 et
166 2669 404 2755 perseverantia
421 2668 662 2752 constantiaque
681 2671 895 2756 oppugnandi,
918 2692 984 2756 qno
1001 2672 1056 2739 dis
1074 2678 1123 2740 est

118 2769 300 2852 adgressus,
326 2767 361 2830 in
384 2787 476 2830 suam
497 2765 621 2850 redegit
647 2770 839 2850 potestatem
860 2767 1122 2856 praesidiumque

84 2882 99 2929 3
118 2864 164 2928 ibi
186 2886 280 2928 suum
298 2863 474 2929 collocarit.
519 2860 598 2927 Inde
619 2884 653 2926 re
676 2864 757 2929 bene
779 2869 871 2950 gesta
891 2862 1123 2933 Alexandriam

118 2960 159 3024 ad
186 2958 351 3024 Gaesarem
383 2959 548 3025 contendit
583 2981 756 3045 omnesque
786 2983 840 3027 eas
871 2960 1034 3048 regiones,
1066 2986 1124 3050 per

119 3078 197 3141 quas
229 3057 290 3120 iter
320 3057 458 3123 faciebat
464 3107 474 3141 ,
510 3058 700 3123 auctoritate
731 3080 783 3143 ea,
819 3079 901 3144 quae
931 3057 1124 3147 plerumque

119 3153 208 3218 adest
229 3152 359 3237 victori,
380 3157 511 3238 pacaret
533 3158 629 3240 atque
652 3156 687 3220 in
709 3156 884 3221 amicitiam
907 3153 1054 3224 caesmis
1077 3182 1124 3225 re

119 3250 256 3335 degeret.

85 3366 98 3410 1
183 3344 317 3411 XXVII.
352 3346 456 3413 Locus
484 3354 533 3414 est
559 3349 627 3414 fere
649 3350 816 3436 regionum
838 3350 967 3415 illarum
989 3352 1126 3419 nobilis·

119 3444 219 3508 simus
245 3464 311 3507 non
337 3443 383 3508 ite
412 3445 509 3531 longe
537 3447 577 3510 ab
609 3445 818 3531 Alexandria,
849 3447 906 3532 qui
936 3448 1127 3516 nominatur

87 3622 90 3627 ᾗ
118 3539 227 3626 Delta;
249 3541 335 3625 quod
356 3564 472 3607 nomen
495 3565 515 3607 a
537 3543 746 3610 similitudine
767 3545 895 3610 litterae
918 3545 1017 3630 cepit:
1047 3570 1128 3615 nam
