2650 4066
195 192 258 259 116
489 189 637 244 BELLUM
654 187 905 263 mariamnes,

192 337 459 422 necopinantibus
495 335 615 402 1011111
651 337 736 399 esset
767 337 909 418 gestum,
945 336 1052 396 tamen
1083 331 1215 396 virtute

192 436 269 502 freti
304 435 450 520 repulsos
485 433 660 517 multisque
691 430 879 496 vulneribus
911 429 1053 496 adfectos
1085 428 1214 513 oppido

161 571 163 602 ;
192 538 423 618 represserunt,
441 531 590 622 praedam
610 550 761 612 armaque
775 549 886 594 eorum
901 531 977 594 sunt
990 525 1087 612 potiti
1101 527 1214 592 viros·

193 652 255 714 que
284 630 408 715 aliquos
436 632 602 713 ceperunt,
630 627 686 711 qui
709 629 839 710 postero
863 625 914 691 die
937 629 1014 690 sunt
1035 625 1213 690 interfanti.

158 727 381 812 4Eodemque
419 730 564 811 tempore
600 724 767 809 transfuga
802 723 966 794 nuntiarit
1007 745 1047 788 ax
1087 723 1213 807 oppido

163 889 165 892 .
192 823 331 911 Iunium,
357 825 412 910 qui
435 825 469 890 in
492 823 641 891 cuniculo
662 822 786 905 fuisset,
809 821 1008 908 iugulatione
1031 821 1212 905 oppidano·

192 945 265 988 rum
301 923 387 988 facta
422 922 576 988 clamasse
607 921 732 987 facinus
762 942 797 985 se
828 919 1001 986 nefandum
1036 923 1069 984 et
1094 918 1211 986 'scelus

165 1051 167 1058 ⁴
192 1019 319 1090 fecisse:
349 1041 423 1085 nam
446 1041 500 1085 eos
524 1017 606 1084 nihil
628 1018 796 1098 meruisse,
825 1039 923 1102 quare
945 1016 1005 1082 teli
1026 1038 1131 1101 poena
1154 1017 1210 1082 ad-

193 1118 379 1202 ficerentur,
408 1118 463 1203 qui
491 1139 545 1183 eos
573 1116 615 1182 ad
640 1139 712 1183 aras
735 1120 768 1180 et
789 1115 879 1181 focos
903 1137 979 1180 suos
1002 1115 1212 1201 recepissent,

194 1236 312 1299 eosque
329 1215 508 1301 hospitium
527 1214 645 1281 scelere
659 1213 907 1297 contaminasse3
925 1212 1029 1278 multa
1041 1217 1211 1296 praeterea

116 1399 119 1406 Ι
162 1369 165 1378 .
195 1312 327 1379 dixisse:
355 1335 419 1399 qua
446 1314 590 1379 oratione
615 1313 786 1378 deterritos
809 1310 948 1395 amplius
971 1310 1210 1396 iugulationem

194 1433 260 1476 non
281 1411 403 1478 fecisse.
786 1455 789 1460 ·

159 1529 173 1578 1
256 1508 360 1575 XVII.
382 1508 434 1575 lta
446 1513 576 1593 postero
596 1508 645 1573 die
662 1508 709 1573 Ti.
720 1506 847 1572 Tullius
860 1506 987 1592 legatus
1002 1527 1075 1572 cum
1086 1504 1209 1572 Catone

192 1606 349 1673 Lusitano
372 1606 462 1672 venit
485 1609 518 1671 et
540 1605 625 1690 apud
644 1603 810 1670 Gaesarem
828 1604 926 1670 verba
943 1604 1033 1669 fecit:
1061 1602 1208 1672 ‘Utinam

195 1705 325 1788 quidem
348 1705 394 1769 dii
417 1702 614 1769 immortales
637 1703 798 1787 fecissent,
820 1706 858 1768 ut
880 1706 957 1768 tuus
979 1702 1089 1786 potius
1113 1701 1207 1766 miles

195 1823 292 1885 quam
316 1800 371 1866 Cn.
394 1801 529 1890 Pompei
555 1800 661 1866 factus
689 1822 792 1866 essem
821 1804 854 1865 et
875 1799 958 1866 hanc
981 1799 1112 1866 virtutis
1135 1821 1208 1866 con·

195 1899 348 1964 stantiam
372 1899 404 1964 in
428 1903 485 1965 tua
507 1897 651 1983 victoria,
673 1920 739 1963 non
757 1898 791 1962 in
810 1897 898 1964 illius
917 1897 1100 1963 calamitate
1120 1921 1208 1982 prae·

159 1999 323 2064 astarem.
370 1995 469 2063 Cuius
495 1996 641 2062 funestae
668 1995 779 2062 laudes
803 1995 955 2080 quoniam
978 1985 1208 2064 11111111-

195 2098 307 2161 tunam
326 2095 517 2179 reciderunt,
540 2097 577 2160 ut
595 2094 680 2159 cives
699 2093 838 2160 Romani
856 2094 1037 2179 indigentes
1055 2094 1208 2178 praesidii

194 2194 293 2260 aimus
320 2197 353 2259 et
379 2196 512 2277 propter
538 2191 661 2276 patriae
687 2191 868 2258 luctuosam
895 2191 1071 2275 perniciem
1097 2191 1208 2256 demur

194 2290 338 2357 hostium
365 2312 513 2375 numero,
541 2289 597 2374 qui
624 2311 727 2373 neque
754 2289 788 2354 in
816 2287 905 2354 illius
934 2287 1116 2374 [prospera]
1140 2289 1206 2354 acie

194 2389 333 2473 primam
355 2388 519 2453 fortunam
542 2409 644 2472 neque
667 2388 702 2451 in
725 2387 857 2452 adversa
880 2385 1051 2451 secundam
1069 2385 1205 2451 obtinui·

164 2548 167 2556 .
195 2509 282 2571 mue,
316 2486 499 2571 [victoriam
527 2484 597 2570 qui]
625 2485 789 2570 legionum
823 2487 874 2550 tot
908 2484 1049 2568 impetus
1084 2487 1205 2549 susten-

196 2587 316 2669 tantes,
343 2583 510 2649 nocturnis
536 2583 723 2667 diurnisque
745 2582 897 2666 operibus
920 2581 1102 2668 gladiorum
1125 2582 1206 2647 ictus

196 2681 398 2766 telorumque
435 2681 553 2745 missus
585 2683 803 2764 expectantes,
840 2679 945 2746 relicti
976 2684 1009 2745 et
1041 2679 1158 2744 deserti
1188 2702 1206 2743 a

195 2779 360 2864 Pompeio,
383 2783 440 2843 tua
461 2779 581 2844 virtute
605 2778 747 2861 superati
769 2777 906 2844 salutem
928 2800 947 2842 a
965 2781 1021 2842 tua
1039 2776 1206 2844 clementia

161 2877 399 2962 adeposoimus
430 2878 634 2961 petimusque
666 2880 703 2943 ut
733 2926 851 2941 ......
861 2875 870 2903 ’
916 2874 1063 2952 ‘Qualem
1095 2875 1205 2942 11111111

197 2975 348 3061 gentibus
380 2997 431 3039 me
462 2974 622 3058 praestiti,
657 2974 796 3040 similem
828 2973 862 3038 in
894 2973 1014 3038 civium
1047 2972 1204 3038 deditione

196 3072 389 3158 praestabo'

162 3191 177 3238 1
263 3168 383 3235 XVIII.
433 3169 589 3236 Remissis
620 3169 750 3255 legatis,
783 3191 856 3234 cum
883 3168 924 3231 ad
951 3172 1079 3251 portam
1106 3167 1203 3232 venis·
1245 3217 1247 3224 ,

197 3273 270 3335 sent
420 3267 467 3333 ri.
495 3267 635 3352 Tullius,
672 3271 705 3332 et
736 3288 808 3333 eum
841 3266 1057 3331 introeuntem
1088 3265 1111 3350 †
1142 3263 1202 3330 An-

196 3367 306 3432 tonius
342 3366 506 3433 insecutus
541 3387 606 3430 non
642 3368 740 3448 esset,
776 3363 910 3430 revertit
941 3363 983 3428 ad
1015 3367 1142 3447 portam
1173 3367 1203 3428 et

161 3465 361 3532 ahominem
389 3463 608 3547 adprehendit.
656 3461 749 3539 Quod
772 3460 920 3527 'liberius
949 3482 1022 3528 oum
1049 3460 1121 3525 fieri
1143 3460 1201 3524 aui·

198 3561 383 3648 madvertit,
419 3559 518 3626 simul
552 3560 726 3645 pugionem
764 3558 876 3626 eduxit
907 3561 940 3624 11
976 3579 1107 3624 manum
1139 3557 1202 3623 eius
