2414 3968
369 191 464 248 CAP.
482 192 745 250 XXXI-XXXIIH.
1010 194 1072 259 127

62 340 160 420 esset,
191 337 260 402 eius
292 337 399 402 verbis
431 338 581 402 nuntium
609 339 724 424 mittit,
756 363 829 406 eum
857 340 965 404 minua
992 340 1075 406 belle

62 434 194 499 habere:
218 438 255 499 ut
276 435 444 500 mitterent
466 436 622 519 lecticam,
646 459 710 520 qua
731 438 765 502 in
786 437 940 522 oppidum
959 438 1075 503 deferri
1092 439 1096 444 ’

62 533 175 617 possit.
215 533 403 600 Lecticariis
421 535 530 599 missis
547 532 722 617 Pompeius
741 534 901 599 Carteiam
924 535 1075 601 defertur.
1094 552 1111 599 8

63 630 127 707 Qui
158 629 287 695 illarum
318 631 460 716 partium
491 631 633 696 fautores
666 637 786 716 essent,
818 634 1013 699 conveniunt
1042 635 1076 697 in

63 728 209 812 domum,
236 751 300 813 quo
330 733 399 794 erat
425 728 550 794 delatus
575 731 697 813 —qui
723 730 872 808 arbitrati
895 735 970 796 sunt
992 730 1076 797 clan-

62 824 171 889 culum
199 825 324 891 venisse
352 864 409 909 —,
441 830 478 890 ut
505 826 545 890 ab
573 848 624 910 eo,
655 849 735 911 quae
762 827 896 912 vellent,
924 828 963 893 de
989 829 1075 894 bello

60 923 271 1006 requirerent.
321 922 402 987 Cum
434 923 616 1009 frequentia
647 925 861 1008 convenisset,
879 925 931 992 ‚de
963 925 1077 991 lectica

61 1020 236 1104 Pompeius
258 1044 370 1087 eorum
393 1022 427 1086 in
449 1022 546 1087 fidem
570 1021 725 1108 confugit.

128 1117 279 1184 XXXIII.
318 1119 434 1185 Caesar
456 1142 496 1184 ex
518 1119 641 1204 proelio
665 1119 793 1185 Mandu
814 1121 1001 1187 munitione,
1017 1121 1110 1184 eir-1

63 1216 214 1281 cumdata
232 1216 414 1283 Cordubam
437 1218 533 1282 venit.
570 1217 634 1294 Qui
656 1240 696 1282 ex
714 1217 808 1282 caede
826 1240 864 1282 eo
882 1218 1077 1303 refugerant,

24 1379 28 1384 .
61 1318 194 1399 pontem
217 1320 423 1401 occuparunt.
465 1315 546 1380 Cum
569 1337 607 1379 eo
630 1319 762 1379 ventum
785 1318 879 1399 esset,
901 1316 1110 1381 convitiarer

61 1418 245 1499 coeperrmt,
267 1436 326 1480 nos
350 1436 391 1479 ex
412 1413 535 1498 proelio
558 1434 678 1496 paucos
701 1435 881 1497 superesse,
905 1435 969 1497 quo
986 1413 1075 1498 fuge·

60 1510 192 1574 remus?
246 1509 297 1575 lta
335 1531 478 1596 pugnare
515 1514 689 1595 coeperunt
724 1510 763 1574 de
799 1514 906 1594 ponte.
961 1510 1077 1575 Caesar
1119 1555 1122 1561 ·

60 1607 181 1672 flumen
204 1609 331 1674 traiecit
354 1613 387 1674 et
410 1613 514 1674 castra
536 1609 653 1692 posuit.
699 1606 846 1693 Scapula,
871 1608 972 1690 totius
995 1609 1075 1674 sedi·
1094 1625 1110 1672 3

61 1705 161 1770 tionis
189 1707 216 1791 [,
245 1706 387 1771 familiae
415 1711 447 1771 et
473 1706 713 1789 libertinorum]
744 1710 854 1790 caput,
886 1728 926 1770 ex
952 1706 1075 1790 proelio

62 1800 245 1867 Cordubam
273 1826 345 1868 cum
373 1805 527 1888 venisset,
553 1802 710 1868 familiam
739 1808 772 1868 et
799 1803 934 1868 libertos
962 1825 1076 1869 convo-

61 1900 155 1983 cavit,
178 1923 291 1984 pyram
314 1901 378 1965 sibi
400 1901 557 1985 extruxit,
584 1917 695 1966 cenam
724 1901 844 1966 adferri
870 1923 967 1986 quam
995 1903 1075 1985 opti-

61 2018 148 2061 mam
167 1997 348 2082 imperavit,
365 1999 443 2062 Item
460 1999 592 2082 optimis
606 1998 848 2063 instemendum
861 2000 1076 2064 vestimentis:

60 2095 231 2177 pecuniam
259 2098 292 2158 et
319 2099 488 2180 argentum
511 2097 545 2159 in
567 2096 749 2180 praesentia
770 2095 912 2160 familiae
935 2096 1075 2165 donavit.

61 2188 136 2273 Ipse
161 2191 201 2254 de
223 2194 367 2274 tempore
391 2195 496 2275 cenat,
522 2193 659 2257 resinam
685 2197 718 2257 et
739 2192 877 2256 nardum
901 2193 1111 2257 identidem4

62 2288 126 2352 sibi
149 2289 299 2353 infundit.
336 2286 388 2352 Ita
408 2289 584 2353 novissimo
608 2293 752 2372 tempore
775 2311 904 2354 servum
926 2290 1027 2354 iussit
1044 2295 1076 2354 et

61 2385 225 2470 libertum,
248 2385 303 2470 qui
326 2386 442 2451 fuisset
459 2387 528 2451 eius
547 2387 754 2470 concubinus,
776 2385 912 2451 alterum
931 2409 965 2452 se
984 2388 1075 2473 iugu-

61 2483 142 2567 lare,
165 2482 303 2562 alterum
325 2506 439 2568 pyram
462 2484 638 2550 incendere.
1169 2530 1172 2535 -

129 2580 298 2647 XXXIIII.
348 2578 510 2666 Oppidani
541 2585 663 2665 autem,
694 2581 793 2646 simul
825 2579 942 2646 Caesar
973 2587 1110 2648 castrat

61 2685 176 2744 eontra
198 2680 238 2744 ad
257 2679 412 2764 oppidum
430 2680 549 2765 posuit,
571 2680 752 2744 discordare
771 2684 955 2763 coeperunt,
974 2702 1077 2765 usquc

66 2800 118 2861 eo,
150 2781 188 2841 ut
210 2777 331 2842 clamor
354 2778 388 2842 iu
410 2781 516 2843 castra
538 2781 649 2842 nostra
670 2779 969 2862 perveniret†fere
992 2778 1077 2842 inter

64 2874 272 2940 Caesarianos
300 2879 334 2940 et
358 2876 443 2940 inter
465 2875 687 2960 Pompeianos
732 2875 836 2939 Erant
857 2875 910 2939 hic
932 2875 1110 2961 legionesa

63 2973 147 3036 duae
163 2995 202 3036 ex
216 2973 360 3060 perfugis
374 2970 583 3058 conscriptae,
601 2973 720 3056 partim
734 2972 968 3057 oppidanorum
982 2975 1076 3054 servi,

64 3069 121 3153 qui
152 3074 243 3134 erant
275 3092 294 3133 a
326 3069 357 3135 S.
384 3069 538 3154 Pompeio
571 3072 775 3156 manumissi3
812 3071 868 3155 qui
899 3071 933 3136 in
965 3071 1075 3137 Caesa-

61 3166 108 3229 ris
140 3165 312 3233 adventum
344 3167 513 3233 dissentire
541 3174 722 3253 coeperunt.
746 3167 868 3253 ¹Legio
895 3186 959 3233 xm
986 3170 1109 3254 oppia

65 3264 142 3327 dum
162 3264 329 3329 defendere
348 3266 461 3350 coepit,
480 3287 529 3349 ne,
547 3288 621 3331 cum
639 3267 703 3330 iam
722 3265 951 3352 depugnarent,
969 3269 1074 3331 turres

63 3382 104 3425 ex
133 3365 224 3445 parte
251 3366 285 3426 et
310 3384 439 3427 murum
466 3368 667 3447 occuparent.
716 3362 855 3428 Demum
882 3364 1007 3449 legatos
1035 3363 1109 3429 adr

64 3457 233 3523 Caesarem
247 3459 390 3544 mittunt,
404 3465 441 3525 ut
453 3461 517 3525 sibi
529 3461 673 3546 legiones
683 3461 826 3526 subsidio
836 3462 1076 3527 intromitteret.

61 3555 135 3621 Hoc
163 3577 237 3620 cum
264 3556 555 3623 animadverterent
580 3557 728 3624 homines
750 3559 896 3645 fugitivi,
922 3559 1075 3643 oppidum
