<?xml version="1.0" encoding="UTF-8"?>
<!DOCTYPE html PUBLIC "-//W3C//DTD XHTML 1.0 Transitional//EN"
    "http://www.w3.org/TR/xhtml1/DTD/xhtml1-transitional.dtd">
<html xmlns="http://www.w3.org/1999/xhtml" xml:lang="en" lang="en">
 <head>
  <title>
</title>
<meta http-equiv="Content-Type" content="text/html;charset=utf-8" />
  <meta name='ocr-system' content='tesseract 3.04.00' />
  <meta name='ocr-capabilities' content='ocr_page ocr_carea ocr_par ocr_line ocrx_word'/>
</head>
<body>
  <div class='ocr_page' id='page_1' title='image "./commentariicuma00wlgoog_0094.png"; bbox 0 0 2414 3968; ppageno 0'>
   <div class='ocr_carea' id='block_1_1' title="bbox 420 213 1100 281">
    <p class='ocr_par' dir='ltr' id='par_1_1' title="bbox 420 213 1100 281">
     <span class='ocr_line' id='line_1_1' title="bbox 420 213 1100 281; baseline 0.018 -12"><span class='ocrx_word' id='word_1_1' title='bbox 420 213 497 269; x_wconf 82' lang='lat' dir='ltr'><strong>CAP.</strong></span> <span class='ocrx_word' id='word_1_2' title='bbox 516 215 789 272; x_wconf 86' lang='lat' dir='ltr'>LXVIII—LXXII..</span> <span class='ocrx_word' id='word_1_3' title='bbox 1056 219 1100 281; x_wconf 77' lang='lat'>45</span> 
     </span>
    </p>
   </div>
   <div class='ocr_carea' id='block_1_2' title="bbox 83 358 1170 3159">
    <p class='ocr_par' dir='ltr' id='par_1_2' title="bbox 89 358 1135 1415">
     <span class='ocr_line' id='line_1_2' title="bbox 91 358 1100 446; baseline 0.004 -24"><span class='ocrx_word' id='word_1_4' title='bbox 91 358 197 423; x_wconf 91' lang='lat' dir='ltr'>Ponto</span> <span class='ocrx_word' id='word_1_5' title='bbox 216 358 373 444; x_wconf 83' lang='lat' dir='ltr'>negotiati</span> <span class='ocrx_word' id='word_1_6' title='bbox 391 362 506 443; x_wconf 87' lang='lat' dir='ltr'>essent,</span> <span class='ocrx_word' id='word_1_7' title='bbox 529 360 680 443; x_wconf 88' lang='lat' dir='ltr'>quoniam</span> <span class='ocrx_word' id='word_1_8' title='bbox 699 362 733 425; x_wconf 92' lang='lat' dir='ltr'>in</span> <span class='ocrx_word' id='word_1_9' title='bbox 751 361 914 446; x_wconf 81' lang='lat' dir='ltr'>integrum</span> <span class='ocrx_word' id='word_1_10' title='bbox 931 363 1100 427; x_wconf 89' lang='lat' dir='ltr'>restituere</span> 
     </span>
     <span class='ocr_line' id='line_1_3' title="bbox 91 456 1135 542; baseline 0.003 -22"><span class='ocrx_word' id='word_1_11' title='bbox 91 479 157 521; x_wconf 92' lang='lat' dir='ltr'>non</span> <span class='ocrx_word' id='word_1_12' title='bbox 176 460 295 540; x_wconf 91' lang='lat' dir='ltr'>posset,</span> <span class='ocrx_word' id='word_1_13' title='bbox 319 456 490 520; x_wconf 78' lang='lat' dir='ltr'>concedere</span> <span class='ocrx_word' id='word_1_14' title='bbox 507 456 673 521; x_wconf 88' lang='lat' dir='ltr'>Pharnaci.</span> <span class='ocrx_word' id='word_1_15' title='bbox 706 457 791 522; x_wconf 86' lang='lat' dir='ltr'>Nam</span> <span class='ocrx_word' id='word_1_16' title='bbox 805 480 908 542; x_wconf 91' lang='lat' dir='ltr'>neque</span> <span class='ocrx_word' id='word_1_17' title='bbox 921 459 1099 523; x_wconf 88' lang='lat' dir='ltr'>interfectis</span> <span class='ocrx_word' id='word_1_18' title='bbox 1119 475 1135 523; x_wconf 85' lang='lat'>6</span> 
     </span>
     <span class='ocr_line' id='line_1_4' title="bbox 92 552 1099 636; baseline 0.002 -18"><span class='ocrx_word' id='word_1_19' title='bbox 92 555 243 618; x_wconf 90' lang='lat' dir='ltr'>amissam</span> <span class='ocrx_word' id='word_1_20' title='bbox 275 552 376 617; x_wconf 80' lang='lat' dir='ltr'>vitam</span> <span class='ocrx_word' id='word_1_21' title='bbox 408 574 510 636; x_wconf 91' lang='lat' dir='ltr'>neque</span> <span class='ocrx_word' id='word_1_22' title='bbox 544 554 679 618; x_wconf 76' lang='lat' dir='ltr'>exsectis</span> <span class='ocrx_word' id='word_1_23' title='bbox 711 554 899 619; x_wconf 84' lang='lat' dir='ltr'>virilitatem</span> <span class='ocrx_word' id='word_1_24' title='bbox 930 556 1099 620; x_wconf 71' lang='lat' dir='ltr'>restituere</span> 
     </span>
     <span class='ocr_line' id='line_1_5' title="bbox 90 641 1099 735; baseline 0.001 -20"><span class='ocrx_word' id='word_1_25' title='bbox 90 673 199 735; x_wconf 87' lang='lat' dir='ltr'>posse;</span> <span class='ocrx_word' id='word_1_26' title='bbox 223 649 309 733; x_wconf 93' lang='lat' dir='ltr'>quod</span> <span class='ocrx_word' id='word_1_27' title='bbox 323 641 452 733; x_wconf 89' lang='lat' dir='ltr'>quidem</span> <span class='ocrx_word' id='word_1_28' title='bbox 466 649 659 734; x_wconf 91' lang='lat' dir='ltr'>supplicium</span> <span class='ocrx_word' id='word_1_29' title='bbox 673 652 804 735; x_wconf 82' lang='lat' dir='ltr'>gravius</span> <span class='ocrx_word' id='word_1_30' title='bbox 819 655 923 716; x_wconf 91' lang='lat' dir='ltr'>morte</span> <span class='ocrx_word' id='word_1_31' title='bbox 938 653 1023 716; x_wconf 84' lang='lat' dir='ltr'>cives</span> <span class='ocrx_word' id='word_1_32' title='bbox 1036 651 1099 716; x_wconf 86' lang='lat' dir='ltr'>Ro-</span> 
     </span>
     <span class='ocr_line' id='line_1_6' title="bbox 90 745 1135 813; baseline 0.001 -1"><span class='ocrx_word' id='word_1_33' title='bbox 90 749 179 812; x_wconf 90' lang='lat' dir='ltr'>mani</span> <span class='ocrx_word' id='word_1_34' title='bbox 201 746 371 812; x_wconf 89' lang='lat' dir='ltr'>subissent.</span> <span class='ocrx_word' id='word_1_35' title='bbox 416 745 522 811; x_wconf 91' lang='lat' dir='ltr'>Ponto</span> <span class='ocrx_word' id='word_1_36' title='bbox 540 769 616 811; x_wconf 86' lang='lat' dir='ltr'>vero</span> <span class='ocrx_word' id='word_1_37' title='bbox 634 748 800 813; x_wconf 87' lang='lat' dir='ltr'>decederet</span> <span class='ocrx_word' id='word_1_38' title='bbox 818 749 986 813; x_wconf 85' lang='lat' dir='ltr'>confestim</span> <span class='ocrx_word' id='word_1_39' title='bbox 1008 749 1098 813; x_wconf 88' lang='lat' dir='ltr'>fami·</span> <span class='ocrx_word' id='word_1_40' title='bbox 1119 764 1135 813; x_wconf 78' lang='grc'><strong>7</strong></span> 
     </span>
     <span class='ocr_line' id='line_1_7' title="bbox 90 843 1099 930; baseline 0.001 -21"><span class='ocrx_word' id='word_1_41' title='bbox 90 846 216 928; x_wconf 84' lang='lat' dir='ltr'>licsque</span> <span class='ocrx_word' id='word_1_42' title='bbox 242 844 487 928; x_wconf 83' lang='lat' dir='ltr'>publicanorum</span> <span class='ocrx_word' id='word_1_43' title='bbox 514 843 693 909; x_wconf 89' lang='lat' dir='ltr'>remitteret</span> <span class='ocrx_word' id='word_1_44' title='bbox 721 849 888 930; x_wconf 88' lang='lat' dir='ltr'>ceteraque</span> <span class='ocrx_word' id='word_1_45' title='bbox 915 845 1099 910; x_wconf 88' lang='lat' dir='ltr'>restitueret</span> 
     </span>
     <span class='ocr_line' id='line_1_8' title="bbox 91 941 1098 1027; baseline -0.002 -19"><span class='ocrx_word' id='word_1_46' title='bbox 91 943 187 1008; x_wconf 92' lang='lat' dir='ltr'>sociis</span> <span class='ocrx_word' id='word_1_47' title='bbox 220 941 408 1024; x_wconf 83' lang='lat' dir='ltr'>civibusque</span> <span class='ocrx_word' id='word_1_48' title='bbox 439 941 607 1025; x_wconf 88' lang='lat' dir='ltr'>Romanis,</span> <span class='ocrx_word' id='word_1_49' title='bbox 640 965 721 1027; x_wconf 88' lang='lat' dir='ltr'>quae</span> <span class='ocrx_word' id='word_1_50' title='bbox 751 966 849 1027; x_wconf 89' lang='lat' dir='ltr'>penes</span> <span class='ocrx_word' id='word_1_51' title='bbox 880 965 952 1007; x_wconf 89' lang='lat' dir='ltr'>eum</span> <span class='ocrx_word' id='word_1_52' title='bbox 984 947 1098 1008; x_wconf 88' lang='lat' dir='ltr'>essent.</span> 
     </span>
     <span class='ocr_line' id='line_1_9' title="bbox 90 1038 1133 1124; baseline -0.001 -20"><span class='ocrx_word' id='word_1_53' title='bbox 90 1040 134 1104; x_wconf 89' lang='lat' dir='ltr'>Id</span> <span class='ocrx_word' id='word_1_54' title='bbox 150 1040 179 1103; x_wconf 95' lang='lat' dir='ltr'>si</span> <span class='ocrx_word' id='word_1_55' title='bbox 199 1039 328 1103; x_wconf 83' lang='lat' dir='ltr'>fecisset</span> <span class='ocrx_word' id='word_1_56' title='bbox 351 1038 424 1120; x_wconf 85' lang='lat' dir='ltr'>iam,</span> <span class='ocrx_word' id='word_1_57' title='bbox 447 1042 525 1102; x_wconf 91' lang='lat' dir='ltr'>tuno</span> <span class='ocrx_word' id='word_1_58' title='bbox 548 1038 611 1102; x_wconf 92' lang='lat' dir='ltr'>sibi</span> <span class='ocrx_word' id='word_1_59' title='bbox 633 1040 778 1105; x_wconf 86' lang='lat' dir='ltr'>mitteret</span> <span class='ocrx_word' id='word_1_60' title='bbox 800 1062 934 1104; x_wconf 89' lang='lat' dir='ltr'>munera</span> <span class='ocrx_word' id='word_1_61' title='bbox 952 1040 1098 1124; x_wconf 86' lang='lat' dir='ltr'>acdona,</span> <span class='ocrx_word' id='word_1_62' title='bbox 1117 1054 1133 1102; x_wconf 85' lang='lat'>8</span> 
     </span>
     <span class='ocr_line' id='line_1_10' title="bbox 89 1134 1098 1221; baseline 0.002 -21"><span class='ocrx_word' id='word_1_63' title='bbox 89 1159 171 1221; x_wconf 91' lang='lat' dir='ltr'>quaa</span> <span class='ocrx_word' id='word_1_64' title='bbox 195 1137 275 1200; x_wconf 90' lang='lat' dir='ltr'>bene</span> <span class='ocrx_word' id='word_1_65' title='bbox 298 1135 394 1200; x_wconf 90' lang='lat' dir='ltr'>rebus</span> <span class='ocrx_word' id='word_1_66' title='bbox 418 1134 518 1219; x_wconf 86' lang='lat' dir='ltr'>gestis</span> <span class='ocrx_word' id='word_1_67' title='bbox 537 1134 745 1218; x_wconf 90' lang='lat' dir='ltr'>imperatores</span> <span class='ocrx_word' id='word_1_68' title='bbox 764 1137 804 1201; x_wconf 93' lang='lat' dir='ltr'>ab</span> <span class='ocrx_word' id='word_1_69' title='bbox 827 1137 937 1201; x_wconf 90' lang='lat' dir='ltr'>amicis</span> <span class='ocrx_word' id='word_1_70' title='bbox 956 1137 1098 1221; x_wconf 89' lang='lat' dir='ltr'>accipere</span> 
     </span>
     <span class='ocr_line' id='line_1_11' title="bbox 90 1230 1097 1300; baseline 0.001 -2"><span class='ocrx_word' id='word_1_71' title='bbox 90 1236 305 1298; x_wconf 88' lang='lat' dir='ltr'>consuessent.</span> <span class='ocrx_word' id='word_1_72' title='bbox 335 1230 468 1295; x_wconf 85' lang='lat' dir='ltr'>Miserat</span> <span class='ocrx_word' id='word_1_73' title='bbox 487 1232 572 1296; x_wconf 90' lang='lat' dir='ltr'>enim</span> <span class='ocrx_word' id='word_1_74' title='bbox 591 1234 621 1298; x_wconf 89' lang='lat' dir='ltr'>ei</span> <span class='ocrx_word' id='word_1_75' title='bbox 638 1234 819 1300; x_wconf 88' lang='lat' dir='ltr'>Pharnaces</span> <span class='ocrx_word' id='word_1_76' title='bbox 839 1257 989 1299; x_wconf 91' lang='lat' dir='ltr'>coronam</span> <span class='ocrx_word' id='word_1_77' title='bbox 1010 1258 1097 1299; x_wconf 85' lang='lat' dir='ltr'>aure·</span> 
     </span>
     <span class='ocr_line' id='line_1_12' title="bbox 90 1328 853 1415; baseline 0 -20"><span class='ocrx_word' id='word_1_78' title='bbox 90 1353 151 1395; x_wconf 82' lang='lat' dir='ltr'>em.</span> <span class='ocrx_word' id='word_1_79' title='bbox 196 1329 257 1394; x_wconf 91' lang='lat' dir='ltr'>His</span> <span class='ocrx_word' id='word_1_80' title='bbox 280 1329 443 1412; x_wconf 87' lang='lat' dir='ltr'>responsis</span> <span class='ocrx_word' id='word_1_81' title='bbox 466 1328 549 1393; x_wconf 89' lang='lat' dir='ltr'>datis</span> <span class='ocrx_word' id='word_1_82' title='bbox 563 1330 697 1415; x_wconf 74' lang='lat' dir='ltr'>‘legatos</span> <span class='ocrx_word' id='word_1_83' title='bbox 720 1332 853 1395; x_wconf 89' lang='lat' dir='ltr'>remisit.</span> 
     </span>
    </p>

    <p class='ocr_par' dir='ltr' id='par_1_3' title="bbox 85 1423 1131 2476">
     <span class='ocr_line' id='line_1_13' title="bbox 154 1423 1131 1510; baseline 0 -20"><span class='ocrx_word' id='word_1_84' title='bbox 154 1424 268 1490; x_wconf 85' lang='lat' dir='ltr'>LXXI.</span> <span class='ocrx_word' id='word_1_85' title='bbox 305 1423 351 1489; x_wconf 87' lang='lat' dir='ltr'>At</span> <span class='ocrx_word' id='word_1_86' title='bbox 377 1423 558 1490; x_wconf 87' lang='lat' dir='ltr'>Pharnaces</span> <span class='ocrx_word' id='word_1_87' title='bbox 585 1427 762 1492; x_wconf 85' lang='lat' dir='ltr'>liberaliter</span> <span class='ocrx_word' id='word_1_88' title='bbox 789 1427 897 1491; x_wconf 84' lang='lat' dir='ltr'>omnia</span> <span class='ocrx_word' id='word_1_89' title='bbox 923 1427 1131 1510; x_wconf 91' lang='lat' dir='ltr'>pollicitus,1</span> 
     </span>
     <span class='ocr_line' id='line_1_14' title="bbox 89 1522 1097 1608; baseline -0.002 -18"><span class='ocrx_word' id='word_1_90' title='bbox 89 1549 162 1590; x_wconf 93' lang='lat' dir='ltr'>cum</span> <span class='ocrx_word' id='word_1_91' title='bbox 189 1524 396 1588; x_wconf 85' lang='lat' dir='ltr'>festinantem</span> <span class='ocrx_word' id='word_1_92' title='bbox 421 1544 456 1586; x_wconf 88' lang='lat' dir='ltr'>ac</span> <span class='ocrx_word' id='word_1_93' title='bbox 482 1529 740 1606; x_wconf 79' lang='lat' dir='ltr'>praecurrentem</span> <span class='ocrx_word' id='word_1_94' title='bbox 764 1522 930 1588; x_wconf 80' lang='lat' dir='ltr'>Caesarem</span> <span class='ocrx_word' id='word_1_95' title='bbox 956 1529 1097 1608; x_wconf 80' lang='lat' dir='ltr'>speraret</span> 
     </span>
     <span class='ocr_line' id='line_1_15' title="bbox 87 1620 1096 1704; baseline 0.001 -18"><span class='ocrx_word' id='word_1_96' title='bbox 87 1621 241 1686; x_wconf 90' lang='lat' dir='ltr'>libentius</span> <span class='ocrx_word' id='word_1_97' title='bbox 270 1620 367 1684; x_wconf 88' lang='lat' dir='ltr'>etiam</span> <span class='ocrx_word' id='word_1_98' title='bbox 396 1620 593 1684; x_wconf 89' lang='lat' dir='ltr'>crediturum</span> <span class='ocrx_word' id='word_1_99' title='bbox 620 1622 687 1685; x_wconf 90' lang='lat' dir='ltr'>suis</span> <span class='ocrx_word' id='word_1_100' title='bbox 714 1621 896 1704; x_wconf 88' lang='lat' dir='ltr'>promissis,</span> <span class='ocrx_word' id='word_1_101' title='bbox 926 1643 1023 1704; x_wconf 87' lang='lat' dir='ltr'>quam</span> <span class='ocrx_word' id='word_1_102' title='bbox 1045 1644 1096 1687; x_wconf 94' lang='lat' dir='ltr'>res</span> 
     </span>
     <span class='ocr_line' id='line_1_16' title="bbox 87 1716 1095 1803; baseline 0 -21"><span class='ocrx_word' id='word_1_103' title='bbox 87 1721 260 1803; x_wconf 86' lang='lat' dir='ltr'>pateretur,</span> <span class='ocrx_word' id='word_1_104' title='bbox 284 1739 347 1800; x_wconf 94' lang='lat' dir='ltr'>quo</span> <span class='ocrx_word' id='word_1_105' title='bbox 371 1716 505 1781; x_wconf 88' lang='lat' dir='ltr'>celerius</span> <span class='ocrx_word' id='word_1_106' title='bbox 527 1717 758 1802; x_wconf 90' lang='lat' dir='ltr'>honestiusque</span> <span class='ocrx_word' id='word_1_107' title='bbox 781 1717 821 1781; x_wconf 90' lang='lat' dir='ltr'>ad</span> <span class='ocrx_word' id='word_1_108' title='bbox 843 1739 895 1781; x_wconf 91' lang='lat' dir='ltr'>res</span> <span class='ocrx_word' id='word_1_109' title='bbox 917 1717 1021 1802; x_wconf 83' lang='lat' dir='ltr'>magis</span> <span class='ocrx_word' id='word_1_110' title='bbox 1043 1740 1095 1782; x_wconf 91' lang='lat' dir='ltr'>ne-</span> 
     </span>
     <span class='ocr_line' id='line_1_17' title="bbox 88 1812 1095 1900; baseline -0.001 -20"><span class='ocrx_word' id='word_1_111' title='bbox 88 1815 241 1880; x_wconf 90' lang='lat' dir='ltr'>cessarias</span> <span class='ocrx_word' id='word_1_112' title='bbox 264 1812 520 1897; x_wconf 89' lang='lat' dir='ltr'>proficisceretur</span> <span class='ocrx_word' id='word_1_113' title='bbox 542 1853 586 1862; x_wconf 94' lang='lat'><strong>—</strong></span> <span class='ocrx_word' id='word_1_114' title='bbox 608 1816 729 1880; x_wconf 91' lang='lat' dir='ltr'>nemini</span> <span class='ocrx_word' id='word_1_115' title='bbox 752 1815 838 1879; x_wconf 93' lang='lat' dir='ltr'>enim</span> <span class='ocrx_word' id='word_1_116' title='bbox 857 1818 925 1879; x_wconf 90' lang='lat' dir='ltr'>erat</span> <span class='ocrx_word' id='word_1_117' title='bbox 947 1815 1095 1900; x_wconf 80' lang='lat' dir='ltr'>ignotum</span> 
     </span>
     <span class='ocr_line' id='line_1_18' title="bbox 86 1901 1096 1996; baseline 0 -21"><span class='ocrx_word' id='word_1_118' title='bbox 86 1912 235 1996; x_wconf 88' lang='lat' dir='ltr'>plurimis</span> <span class='ocrx_word' id='word_1_119' title='bbox 264 1911 302 1974; x_wconf 93' lang='lat' dir='ltr'>de</span> <span class='ocrx_word' id='word_1_120' title='bbox 330 1910 434 1973; x_wconf 89' lang='lat' dir='ltr'>causis</span> <span class='ocrx_word' id='word_1_121' title='bbox 464 1911 504 1973; x_wconf 84' lang='lat' dir='ltr'>ad</span> <span class='ocrx_word' id='word_1_122' title='bbox 534 1912 647 1976; x_wconf 91' lang='lat' dir='ltr'>urbem</span> <span class='ocrx_word' id='word_1_123' title='bbox 680 1912 846 1977; x_wconf 75' lang='lat' dir='ltr'>Gaesarem</span> <span class='ocrx_word' id='word_1_124' title='bbox 878 1901 1021 1976; x_wconf 85' lang='lat' dir='ltr'>revocari</span> <span class='ocrx_word' id='word_1_125' title='bbox 1051 1950 1096 1959; x_wconf 96' lang='lat'>—</span> 
     </span>
     <span class='ocr_line' id='line_1_19' title="bbox 86 2006 1095 2094; baseline 0.001 -22"><span class='ocrx_word' id='word_1_126' title='bbox 86 2008 206 2072; x_wconf 87' lang='lat' dir='ltr'>lentius</span> <span class='ocrx_word' id='word_1_127' title='bbox 221 2027 323 2090; x_wconf 83' lang='lat' dir='ltr'>agere,</span> <span class='ocrx_word' id='word_1_128' title='bbox 347 2006 517 2069; x_wconf 89' lang='lat' dir='ltr'>decedendi</span> <span class='ocrx_word' id='word_1_129' title='bbox 534 2008 618 2072; x_wconf 92' lang='lat' dir='ltr'>diem</span> <span class='ocrx_word' id='word_1_130' title='bbox 635 2010 799 2093; x_wconf 85' lang='lat' dir='ltr'>postulare</span> <span class='ocrx_word' id='word_1_131' title='bbox 817 2009 1006 2094; x_wconf 80' lang='lat' dir='ltr'>longiorem,</span> <span class='ocrx_word' id='word_1_132' title='bbox 1023 2031 1095 2092; x_wconf 87' lang='lat' dir='ltr'>pac·</span> 
     </span>
     <span class='ocr_line' id='line_1_20' title="bbox 86 2102 1130 2189; baseline -0.001 -20"><span class='ocrx_word' id='word_1_133' title='bbox 86 2106 191 2169; x_wconf 91' lang='lat' dir='ltr'>tiones</span> <span class='ocrx_word' id='word_1_134' title='bbox 215 2105 426 2184; x_wconf 81' lang='lat' dir='ltr'>interponere,</span> <span class='ocrx_word' id='word_1_135' title='bbox 449 2102 483 2167; x_wconf 90' lang='lat' dir='ltr'>in</span> <span class='ocrx_word' id='word_1_136' title='bbox 507 2125 632 2167; x_wconf 91' lang='lat' dir='ltr'>summa</span> <span class='ocrx_word' id='word_1_137' title='bbox 653 2105 802 2169; x_wconf 84' lang='lat' dir='ltr'>frustrari</span> <span class='ocrx_word' id='word_1_138' title='bbox 825 2106 938 2189; x_wconf 89' lang='lat' dir='ltr'>coepit.</span> <span class='ocrx_word' id='word_1_139' title='bbox 980 2103 1130 2169; x_wconf 69' lang='lat' dir='ltr'>(laesere</span> 
     </span>
     <span class='ocr_line' id='line_1_21' title="bbox 88 2197 1095 2287; baseline -0.003 -20"><span class='ocrx_word' id='word_1_140' title='bbox 88 2202 219 2287; x_wconf 81' lang='lat' dir='ltr'>cognita</span> <span class='ocrx_word' id='word_1_141' title='bbox 241 2198 415 2264; x_wconf 87' lang='lat' dir='ltr'>calliditate</span> <span class='ocrx_word' id='word_1_142' title='bbox 437 2197 594 2283; x_wconf 87' lang='lat' dir='ltr'>hominis,</span> <span class='ocrx_word' id='word_1_143' title='bbox 618 2201 703 2283; x_wconf 93' lang='lat' dir='ltr'>quod</span> <span class='ocrx_word' id='word_1_144' title='bbox 726 2201 798 2264; x_wconf 86' lang='lat' dir='ltr'>aliis</span> <span class='ocrx_word' id='word_1_145' title='bbox 820 2201 1019 2284; x_wconf 85' lang='lat' dir='ltr'>temporibus</span> <span class='ocrx_word' id='word_1_146' title='bbox 1042 2223 1095 2264; x_wconf 85' lang='lat' dir='ltr'>na-</span> 
     </span>
     <span class='ocr_line' id='line_1_22' title="bbox 86 2296 1095 2381; baseline -0.005 -16"><span class='ocrx_word' id='word_1_147' title='bbox 86 2305 162 2365; x_wconf 92' lang='lat' dir='ltr'>tura</span> <span class='ocrx_word' id='word_1_148' title='bbox 180 2298 284 2362; x_wconf 85' lang='lat' dir='ltr'>fecere</span> <span class='ocrx_word' id='word_1_149' title='bbox 299 2300 516 2379; x_wconf 84' lang='lat' dir='ltr'>consueverat,</span> <span class='ocrx_word' id='word_1_150' title='bbox 534 2300 611 2359; x_wconf 93' lang='lat' dir='ltr'>tunc</span> <span class='ocrx_word' id='word_1_151' title='bbox 629 2298 817 2361; x_wconf 87' lang='lat' dir='ltr'>necessitate</span> <span class='ocrx_word' id='word_1_152' title='bbox 835 2298 912 2360; x_wconf 85' lang='lat' dir='ltr'>fecit</span> <span class='ocrx_word' id='word_1_153' title='bbox 930 2296 1095 2381; x_wconf 90' lang='lat' dir='ltr'>adductus,</span> 
     </span>
     <span class='ocr_line' id='line_1_23' title="bbox 85 2392 1052 2476; baseline -0.007 -13"><span class='ocrx_word' id='word_1_154' title='bbox 85 2403 122 2462; x_wconf 89' lang='lat' dir='ltr'>ut</span> <span class='ocrx_word' id='word_1_155' title='bbox 146 2396 280 2462; x_wconf 91' lang='lat' dir='ltr'>celerius</span> <span class='ocrx_word' id='word_1_156' title='bbox 304 2393 449 2458; x_wconf 91' lang='lat' dir='ltr'>omnium</span> <span class='ocrx_word' id='word_1_157' title='bbox 472 2392 622 2476; x_wconf 90' lang='lat' dir='ltr'>opinione</span> <span class='ocrx_word' id='word_1_158' title='bbox 644 2415 776 2457; x_wconf 88' lang='lat' dir='ltr'>manum</span> <span class='ocrx_word' id='word_1_159' title='bbox 794 2398 983 2458; x_wconf 82' lang='lat' dir='ltr'>consereret</span> <span class='ocrx_word' id='word_1_160' title='bbox 1051 2428 1052 2433; x_wconf 19' lang='grc' dir='ltr'><strong>κ</strong></span> 
     </span>
    </p>

    <p class='ocr_par' dir='ltr' id='par_1_4' title="bbox 83 2488 1170 3159">
     <span class='ocr_line' id='line_1_24' title="bbox 151 2488 1127 2573; baseline -0.004 -14"><span class='ocrx_word' id='word_1_161' title='bbox 151 2490 281 2558; x_wconf 86' lang='lat' dir='ltr'>LXXII.</span> <span class='ocrx_word' id='word_1_162' title='bbox 305 2491 381 2555; x_wconf 89' lang='lat' dir='ltr'>Zela</span> <span class='ocrx_word' id='word_1_163' title='bbox 399 2494 448 2554; x_wconf 90' lang='lat' dir='ltr'>est</span> <span class='ocrx_word' id='word_1_164' title='bbox 467 2488 619 2573; x_wconf 94' lang='lat' dir='ltr'>oppidum</span> <span class='ocrx_word' id='word_1_165' title='bbox 638 2488 672 2552; x_wconf 91' lang='lat' dir='ltr'>in</span> <span class='ocrx_word' id='word_1_166' title='bbox 689 2488 794 2553; x_wconf 93' lang='lat' dir='ltr'>Ponto</span> <span class='ocrx_word' id='word_1_167' title='bbox 813 2488 964 2572; x_wconf 89' lang='lat' dir='ltr'>positum,</span> <span class='ocrx_word' id='word_1_168' title='bbox 987 2489 1093 2572; x_wconf 92' lang='lat' dir='ltr'>ipsum</span> <span class='ocrx_word' id='word_1_169' title='bbox 1113 2506 1127 2555; x_wconf 94' lang='lat'>1</span> 
     </span>
     <span class='ocr_line' id='line_1_25' title="bbox 85 2585 1094 2675; baseline -0.007 -18"><span class='ocrx_word' id='word_1_170' title='bbox 85 2597 122 2657; x_wconf 91' lang='lat' dir='ltr'>ut</span> <span class='ocrx_word' id='word_1_171' title='bbox 136 2593 169 2657; x_wconf 90' lang='lat' dir='ltr'>in</span> <span class='ocrx_word' id='word_1_172' title='bbox 183 2591 279 2675; x_wconf 90' lang='lat' dir='ltr'>plano</span> <span class='ocrx_word' id='word_1_173' title='bbox 293 2588 365 2652; x_wconf 89' lang='lat' dir='ltr'>loco</span> <span class='ocrx_word' id='word_1_174' title='bbox 380 2588 459 2651; x_wconf 89' lang='lat' dir='ltr'>satis</span> <span class='ocrx_word' id='word_1_175' title='bbox 472 2586 648 2650; x_wconf 91' lang='lat' dir='ltr'>munitum:</span> <span class='ocrx_word' id='word_1_176' title='bbox 668 2587 812 2651; x_wconf 90' lang='lat' dir='ltr'>tumulus</span> <span class='ocrx_word' id='word_1_177' title='bbox 826 2585 911 2650; x_wconf 89' lang='lat' dir='ltr'>enim</span> <span class='ocrx_word' id='word_1_178' title='bbox 929 2585 1094 2671; x_wconf 86' lang='lat' dir='ltr'>naturalis,</span> 
     </span>
     <span class='ocr_line' id='line_1_26' title="bbox 84 2683 1170 2767; baseline -0.006 -13"><span class='ocrx_word' id='word_1_179' title='bbox 84 2690 173 2754; x_wconf 84' lang='lat' dir='ltr'>velut</span> <span class='ocrx_word' id='word_1_180' title='bbox 196 2709 293 2752; x_wconf 89' lang='lat' dir='ltr'>manu</span> <span class='ocrx_word' id='word_1_181' title='bbox 309 2685 429 2767; x_wconf 84' lang='lat' dir='ltr'>factus,</span> <span class='ocrx_word' id='word_1_182' title='bbox 452 2683 625 2748; x_wconf 87' lang='lat' dir='ltr'>excelsiore</span> <span class='ocrx_word' id='word_1_183' title='bbox 644 2684 786 2767; x_wconf 91' lang='lat' dir='ltr'>undique</span> <span class='ocrx_word' id='word_1_184' title='bbox 805 2683 936 2767; x_wconf 81' lang='lat' dir='ltr'>fastigio</span> <span class='ocrx_word' id='word_1_185' title='bbox 955 2683 1093 2748; x_wconf 92' lang='lat' dir='ltr'>sustinet</span> <span class='ocrx_word' id='word_1_186' title='bbox 1168 2698 1170 2705; x_wconf 82' lang='grc'>’</span> 
     </span>
     <span class='ocr_line' id='line_1_27' title="bbox 84 2778 1128 2865; baseline -0.004 -15"><span class='ocrx_word' id='word_1_187' title='bbox 84 2808 221 2850; x_wconf 90' lang='lat' dir='ltr'>murum.</span> <span class='ocrx_word' id='word_1_188' title='bbox 246 2781 471 2865; x_wconf 75' lang='lat' dir='ltr'>Circumpositi</span> <span class='ocrx_word' id='word_1_189' title='bbox 485 2783 561 2845; x_wconf 87' lang='lat' dir='ltr'>sunt</span> <span class='ocrx_word' id='word_1_190' title='bbox 574 2779 650 2844; x_wconf 94' lang='lat' dir='ltr'>huic</span> <span class='ocrx_word' id='word_1_191' title='bbox 669 2780 787 2863; x_wconf 93' lang='lat' dir='ltr'>oppido</span> <span class='ocrx_word' id='word_1_192' title='bbox 806 2778 917 2862; x_wconf 81' lang='lat' dir='ltr'>magni</span> <span class='ocrx_word' id='word_1_193' title='bbox 934 2779 1092 2863; x_wconf 86' lang='lat' dir='ltr'>multique</span> <span class='ocrx_word' id='word_1_194' title='bbox 1111 2798 1128 2846; x_wconf 79' lang='lat'><strong>2</strong></span> 
     </span>
     <span class='ocr_line' id='line_1_28' title="bbox 84 2876 1093 2961; baseline -0.007 -13"><span class='ocrx_word' id='word_1_195' title='bbox 84 2883 227 2948; x_wconf 88' lang='lat' dir='ltr'>intercisi</span> <span class='ocrx_word' id='word_1_196' title='bbox 250 2881 387 2945; x_wconf 86' lang='lat' dir='ltr'>vallibus</span> <span class='ocrx_word' id='word_1_197' title='bbox 412 2877 521 2960; x_wconf 87' lang='lat' dir='ltr'>colles;</span> <span class='ocrx_word' id='word_1_198' title='bbox 545 2899 681 2960; x_wconf 92' lang='lat' dir='ltr'>quorum</span> <span class='ocrx_word' id='word_1_199' title='bbox 705 2876 903 2940; x_wconf 90' lang='lat' dir='ltr'>editissimus</span> <span class='ocrx_word' id='word_1_200' title='bbox 921 2898 1014 2960; x_wconf 89' lang='lat' dir='ltr'>unus,</span> <span class='ocrx_word' id='word_1_201' title='bbox 1037 2878 1093 2961; x_wconf 95' lang='lat' dir='ltr'>qui</span> 
     </span>
     <span class='ocr_line' id='line_1_29' title="bbox 83 2972 1093 3063; baseline -0.006 -19"><span class='ocrx_word' id='word_1_202' title='bbox 83 2984 215 3063; x_wconf 92' lang='lat' dir='ltr'>propter</span> <span class='ocrx_word' id='word_1_203' title='bbox 241 2977 410 3043; x_wconf 81' lang='lat' dir='ltr'>victoriam</span> <span class='ocrx_word' id='word_1_204' title='bbox 436 2973 636 3038; x_wconf 87' lang='lat' dir='ltr'>Mithridatis</span> <span class='ocrx_word' id='word_1_205' title='bbox 664 2978 697 3039; x_wconf 92' lang='lat' dir='ltr'>et</span> <span class='ocrx_word' id='word_1_206' title='bbox 723 2973 948 3039; x_wconf 87' lang='lat' dir='ltr'>infelicitatem</span> <span class='ocrx_word' id='word_1_207' title='bbox 975 2972 1093 3038; x_wconf 79' lang='lat' dir='ltr'>Triarii</span> 
     </span>
     <span class='ocr_line' id='line_1_30' title="bbox 84 3070 1091 3159; baseline -0.004 -19"><span class='ocrx_word' id='word_1_208' title='bbox 84 3076 373 3159; x_wconf 89' lang='lat' dir='ltr'>detrimentumque</span> <span class='ocrx_word' id='word_1_209' title='bbox 393 3071 551 3136; x_wconf 87' lang='lat' dir='ltr'>exercitus</span> <span class='ocrx_word' id='word_1_210' title='bbox 565 3071 669 3134; x_wconf 89' lang='lat' dir='ltr'>nostri</span> <span class='ocrx_word' id='word_1_211' title='bbox 688 3070 907 3154; x_wconf 89' lang='lat' dir='ltr'>superioribus</span> <span class='ocrx_word' id='word_1_212' title='bbox 926 3074 1091 3154; x_wconf 79' lang='lat' dir='ltr'>acceptum</span> 
     </span>
    </p>
   </div>
   <div class='ocr_carea' id='block_1_3' title="bbox 79 3165 1123 3638">
    <p class='ocr_par' dir='ltr' id='par_1_5' title="bbox 79 3165 1123 3638">
     <span class='ocr_line' id='line_1_31' title="bbox 83 3165 1091 3253; baseline -0.003 -19"><span class='ocrx_word' id='word_1_213' title='bbox 83 3170 280 3253; x_wconf 89' lang='lat' dir='ltr'>temporibus</span> <span class='ocrx_word' id='word_1_214' title='bbox 298 3189 448 3252; x_wconf 77' lang='lat' dir='ltr'>magnam</span> <span class='ocrx_word' id='word_1_215' title='bbox 468 3167 503 3229; x_wconf 88' lang='lat' dir='ltr'>in</span> <span class='ocrx_word' id='word_1_216' title='bbox 520 3165 587 3229; x_wconf 87' lang='lat' dir='ltr'>illis</span> <span class='ocrx_word' id='word_1_217' title='bbox 604 3167 750 3250; x_wconf 82' lang='lat' dir='ltr'>partibus</span> <span class='ocrx_word' id='word_1_218' title='bbox 768 3167 867 3231; x_wconf 86' lang='lat' dir='ltr'>habet</span> <span class='ocrx_word' id='word_1_219' title='bbox 880 3166 1091 3252; x_wconf 90' lang='lat' dir='ltr'>nobilitatem,</span> 
     </span>
     <span class='ocr_line' id='line_1_32' title="bbox 82 3261 1090 3352; baseline -0.001 -22"><span class='ocrx_word' id='word_1_220' title='bbox 82 3288 182 3352; x_wconf 90' lang='lat' dir='ltr'>paene</span> <span class='ocrx_word' id='word_1_221' title='bbox 201 3267 388 3329; x_wconf 89' lang='lat' dir='ltr'>coniunctus</span> <span class='ocrx_word' id='word_1_222' title='bbox 406 3270 451 3330; x_wconf 83' lang='lat' dir='ltr'>cst</span> <span class='ocrx_word' id='word_1_223' title='bbox 468 3261 585 3346; x_wconf 91' lang='lat' dir='ltr'>oppido</span> <span class='ocrx_word' id='word_1_224' title='bbox 604 3285 663 3327; x_wconf 92' lang='lat' dir='ltr'>nec</span> <span class='ocrx_word' id='word_1_225' title='bbox 680 3264 784 3328; x_wconf 91' lang='lat' dir='ltr'>multo</span> <span class='ocrx_word' id='word_1_226' title='bbox 806 3263 936 3349; x_wconf 84' lang='lat' dir='ltr'>longius</span> <span class='ocrx_word' id='word_1_227' title='bbox 959 3265 1090 3329; x_wconf 90' lang='lat' dir='ltr'>milibus</span> 
     </span>
     <span class='ocr_line' id='line_1_33' title="bbox 82 3359 1123 3448; baseline -0.001 -22"><span class='ocrx_word' id='word_1_228' title='bbox 82 3384 235 3448; x_wconf 87' lang='lat' dir='ltr'>passuum</span> <span class='ocrx_word' id='word_1_229' title='bbox 262 3380 301 3425; x_wconf 91' lang='lat'>111</span> <span class='ocrx_word' id='word_1_230' title='bbox 328 3362 419 3426; x_wconf 91' lang='lat' dir='ltr'>abest</span> <span class='ocrx_word' id='word_1_231' title='bbox 448 3360 488 3423; x_wconf 90' lang='lat' dir='ltr'>ab</span> <span class='ocrx_word' id='word_1_232' title='bbox 518 3359 601 3424; x_wconf 91' lang='lat' dir='ltr'>Zela.</span> <span class='ocrx_word' id='word_1_233' title='bbox 646 3359 742 3424; x_wconf 91' lang='lat' dir='ltr'>Hunc</span> <span class='ocrx_word' id='word_1_234' title='bbox 771 3361 878 3425; x_wconf 90' lang='lat' dir='ltr'>locum</span> <span class='ocrx_word' id='word_1_235' title='bbox 906 3360 1123 3426; x_wconf 79' lang='lat' dir='ltr'>Phamacese</span> 
     </span>
     <span class='ocr_line' id='line_1_34' title="bbox 81 3456 1088 3541; baseline -0.004 -17"><span class='ocrx_word' id='word_1_236' title='bbox 81 3458 244 3524; x_wconf 76' lang='lat' dir='ltr'>veteribus</span> <span class='ocrx_word' id='word_1_237' title='bbox 261 3461 468 3541; x_wconf 89' lang='lat' dir='ltr'>paternorum</span> <span class='ocrx_word' id='word_1_238' title='bbox 485 3456 628 3520; x_wconf 91' lang='lat' dir='ltr'>felicium</span> <span class='ocrx_word' id='word_1_239' title='bbox 643 3461 820 3521; x_wconf 88' lang='lat' dir='ltr'>castrorum</span> <span class='ocrx_word' id='word_1_240' title='bbox 839 3458 967 3523; x_wconf 87' lang='lat' dir='ltr'>refectis</span> <span class='ocrx_word' id='word_1_241' title='bbox 987 3457 1088 3540; x_wconf 92' lang='lat' dir='ltr'>operi-</span> 
     </span>
     <span class='ocr_line' id='line_1_35' title="bbox 79 3553 823 3638; baseline -0.007 -19"><span class='ocrx_word' id='word_1_242' title='bbox 79 3556 141 3620; x_wconf 90' lang='lat' dir='ltr'>bus</span> <span class='ocrx_word' id='word_1_243' title='bbox 165 3553 266 3638; x_wconf 89' lang='lat' dir='ltr'>copiis</span> <span class='ocrx_word' id='word_1_244' title='bbox 289 3554 355 3618; x_wconf 90' lang='lat' dir='ltr'>suis</span> <span class='ocrx_word' id='word_1_245' title='bbox 379 3553 527 3618; x_wconf 91' lang='lat' dir='ltr'>omnibus</span> <span class='ocrx_word' id='word_1_246' title='bbox 551 3554 727 3638; x_wconf 79' lang='lat' dir='ltr'>occupavit.</span> <span class='ocrx_word' id='word_1_247' title='bbox 820 3609 823 3614; x_wconf 88' lang='lat'><em>.</em></span> 
     </span>
    </p>
   </div>
   <div class='ocr_carea' id='block_1_4' title="bbox 0 0 1212 3968">
    <p class='ocr_par' dir='ltr' id='par_1_6' title="bbox 0 0 1212 3968">
     <span class='ocr_line' id='line_1_36' title="bbox 0 0 1212 3968; baseline 0 3"><span class='ocrx_word' id='word_1_248' title='bbox 0 0 1212 3968; x_wconf 95' lang='lat' dir='ltr'> </span> 
     </span>
    </p>
   </div>
  </div>
 </body>
</html>
