2414 3968
395 201 471 256 OAP.
490 201 790 256 xxxx-xxxma.
1054 205 1096 266 73

86 346 247 412 intellexit
278 345 375 410 simul
402 348 435 410 et
461 345 615 429 oppidum
641 367 706 409 uno
738 350 882 430 tempore
912 366 1097 432 oppugnare

86 449 119 509 et
146 444 181 508 in
208 444 274 507 acie
303 444 337 507 in
369 463 467 507 cornu
495 442 606 506 dextro
636 464 673 506 ac
703 442 834 507 sinistro
867 465 907 508 ex
938 443 1097 528 iniquiore

85 542 157 607 loco
188 561 346 626 pugnare,
382 539 569 624 praesertim
602 560 675 603 cum
706 538 826 605 milites
858 562 878 604 a
908 561 1001 605 mane
1034 540 1097 605 diei

87 639 186 704 ieiuni
209 638 268 702 sub
292 637 389 701 armis
412 637 577 701 stetissent
600 636 776 720 defatigati.
822 635 936 721 Itaque
958 637 1097 703 reductis
1115 653 1133 703 2

87 736 154 800 suis
178 733 278 818 copiis
301 734 335 797 in
358 736 463 798 castra
483 737 613 817 postero
637 733 687 798 die
710 734 843 817 propius
867 754 978 799 eorum
997 733 1097 800 aciem

87 832 230 897 instituit
253 829 456 915 exporrigere
478 830 682 895 munitiones.

153 925 333 992 XXXXJH.
378 925 514 992 Interim
542 925 723 1011 Considius,
756 929 813 1011 qui
838 925 986 1010 Acyllam
1001 978 1097 993 .....

88 1029 121 1090 et
150 1042 213 1089 vm
244 1024 431 1089 cohortibus
463 1023 678 1107 stipendiariis
709 1023 862 1090 Numidis
890 1023 1097 1108 Gaetulisque

88 1121 268 1206 obsidebat,
303 1120 361 1184 ubi
394 1119 427 1185 0.
456 1119 594 1185 Messius
626 1121 812 1186 cohortibus
847 1125 1006 1205 praeerat,
1042 1120 1096 1185 diu

87 1218 289 1302 multumque
304 1222 454 1302 expertus
472 1219 661 1302 magnisque
680 1218 830 1302 operibus
849 1240 942 1302 saepe
959 1217 1097 1282 admotis

87 1316 184 1382 ethis
199 1316 239 1379 ab
257 1315 424 1399 oppidanis
443 1315 582 1378 incensis
602 1336 674 1379 cum
692 1315 862 1398 proficeret
879 1314 971 1398 nihil,
989 1314 1096 1378 subito

86 1414 200 1478 nuntio
224 1413 263 1477 de
286 1412 426 1496 equestri
448 1411 571 1494 proelio
596 1411 701 1476 adlato
726 1414 904 1475 commotus
925 1411 1097 1496 frumento,

87 1511 178 1577 cuius
201 1511 235 1574 in
259 1509 372 1574 castris
395 1508 520 1592 copiam
542 1507 712 1592 habuerat,
739 1508 882 1592 incenso,
909 1508 998 1591 vino,
1025 1507 1096 1572 oleo

87 1609 263 1692 ceterisque
290 1606 400 1690 rebus,
429 1627 509 1689 quae
537 1605 577 1670 ad
602 1604 724 1669 victum
751 1604 858 1687 parari
885 1603 1002 1688 solent,
1030 1625 1096 1668 cor-

85 1704 190 1788 ruptis
207 1701 366 1787 Acyllam,
384 1723 481 1786 quam
504 1702 681 1787 obsidebat,
704 1700 843 1765 deseruit
866 1704 961 1784 atque
981 1699 1095 1764 itinere

85 1823 143 1885 per
164 1820 299 1885 regnum
321 1797 420 1863 Iubae
442 1799 527 1863 facto
551 1801 658 1883 copias
682 1819 755 1862 cum
780 1795 929 1881 Scipione
956 1798 1095 1882 partitus

85 1897 321 1961 Hadrumetum
344 1918 378 1960 se
400 1896 529 1979 recepit.
716 1897 718 1901 ’

152 1990 349 2056 XXXXIIII.
387 1989 572 2055 Intereaex
593 1991 732 2055 secundo
752 1996 939 2076 commeatu,
963 2014 1058 2077 quem
1076 2009 1128 2059 al

87 2089 197 2154 Sicilia
214 2088 345 2152 miserat
363 2086 507 2171 Alienus,
525 2088 616 2151 navis
635 2109 708 2171 una,
729 2090 763 2152 in
781 2111 845 2173 qua
862 2089 968 2153 fuerat
986 2088 1022 2165 Q.
1037 2088 1095 2154 00-

85 2187 205 2251 minius
228 2188 260 2248 et
282 2183 317 2248 L.
336 2183 456 2267 Ticida,
479 2205 575 2267 eques
593 2183 767 2269 Romanus,
790 2186 830 2250 ab
849 2186 977 2250 residua
995 2185 1095 2251 classe

86 2305 160 2348 cum
179 2281 348 2347 erravisset
367 2279 534 2364 delataque
548 2283 633 2344 esset
645 2286 742 2345 vento
757 2282 797 2345 ad
810 2281 971 2367 Thapson,
989 2281 1095 2347 aVer-

85 2380 164 2465 gilio
192 2377 319 2462 scaphis
346 2375 565 2460 naviculisque
589 2376 740 2440 actuariis
763 2381 896 2462 excepta
923 2381 972 2442 est
999 2377 1095 2442 etad
1153 2408 1156 2412 *

86 2476 268 2560 Scipionem
287 2475 429 2543 deducta.
466 2471 549 2537 Item
573 2473 673 2536 altera
690 2474 781 2538 navis
800 2474 907 2538 trieris
927 2496 967 2538 ex
984 2465 1130 2540 cedema

56 2588 59 2594 '
85 2574 185 2638 classe
204 2572 382 2637 errabunda
401 2593 437 2636 ac
454 2572 645 2654 tempestate
665 2569 769 2634 delata
788 2569 828 2633 ad
845 2567 1058 2654 Aegimurum
1076 2592 1095 2634 a

85 2667 269 2734 classeVari
283 2673 316 2733 et
325 2667 368 2732 M.
380 2665 505 2732 Octavii
520 2672 569 2732 est
583 2671 684 2751 capta,
697 2667 732 2730 in
747 2688 810 2751 qua
822 2665 943 2730 milites
952 2666 1095 2730 veterani

85 2788 158 2831 cum
180 2788 245 2830 uno
269 2765 454 2830 centurione
477 2768 510 2829 et
531 2763 679 2829 nonnulli
701 2764 823 2828 tirones
845 2762 990 2848 fuerunt3
1013 2784 1094 2846 quos

84 2861 189 2926 Varus
217 2862 401 2926 adservatos
429 2861 497 2927 sine
526 2861 718 2925 contumelia
745 2859 944 2924 deducendos
971 2860 1095 2924 curavit
1120 2912 1122 2916 .

85 2960 125 3022 ad
148 2956 337 3043 Scipionem.
384 2958 447 3035 Qui
468 2962 640 3043 postquam
663 2957 703 3021 ad
726 2978 799 3021 eum
822 2960 1035 3040 pervenerunt
1061 2961 1094 3021 et
1112 2976 1144 3024 3,

85 3059 158 3119 ante
190 3061 378 3140 suggestum
411 3056 479 3120 eius
512 3056 738 3137 constiterunt,
776 3052 862 3119 ‘Non
888 3053 1016 3138 vestra',
1047 3054 1093 3118 in·

85 3152 164 3235 quit,
187 3151 312 3235 ‘sponte
334 3174 392 3216 vos
416 3155 502 3216 certo
526 3151 606 3235 scic,
633 3150 689 3214 sed
715 3150 802 3214 illius
826 3149 972 3214 scelerati
993 3151 1093 3215 vestri

37 3268 40 3274 ’
84 3248 286 3331 imperatoris
313 3249 454 3333 impulsu
481 3252 514 3312 et
542 3247 675 3332 imperio
704 3251 830 3311 coactos
858 3247 943 3311 cives
975 3251 1008 3311 et
1039 3269 1092 3331 op-

84 3345 200 3409 timum
232 3367 389 3429 quemque
421 3345 541 3410 nefarie
578 3345 761 3409 consectari.
817 3343 904 3422 Quos
941 3346 1127 3430 quoniame

82 3442 212 3506 fortuna
244 3443 278 3506 in
311 3447 453 3508 nostram
486 3442 603 3507 detulit
632 3445 839 3526 potestatem,
871 3442 913 3525 si,
944 3442 978 3506 id
1007 3442 1093 3525 quod

82 3540 185 3604 facere
214 3540 350 3624 debetis,
379 3540 609 3624 rempublicam
637 3561 710 3604 cum
737 3539 858 3623 optimo
888 3560 1014 3623 quoque
1042 3539 1092 3603 de·
