2414 3968
132 185 195 249 126
426 184 573 241 BELLUM
590 181 842 239 mammosa.

94 349 109 397 7
127 330 200 414 Hic,
214 334 251 395 ut
264 331 310 394 ait
322 330 457 413 Ennius,
471 352 535 413 pes
552 330 644 413 pede
663 330 866 412 premitur,
881 331 1014 397 armis
1030 336 1155 397 ternu*

129 435 192 495 tur
222 450 336 512 arma,
364 428 625 512 adversariosque
652 427 940 493 vehementissime
972 435 1155 516 pugnantes

128 526 232 592 nostri
255 547 348 611 agere
371 530 558 609 coeperunt,
581 525 699 610 quibus
722 525 878 609 oppidum
903 526 976 592 fuit
1001 529 1155 594 subsidio.

95 624 181 690 elta
204 625 283 708 ipsis
305 624 508 688 Liberalibus
530 624 595 688 fusi
618 623 786 708 fugatique
808 644 876 687 ιιοιι
903 626 1155 709 superfuissent

130 724 192 788 nisi
216 723 249 786 in
272 744 346 786 eum
368 720 475 787 locum
498 721 729 806 confugissent,
751 743 791 784 ex
813 742 880 804 quo
904 728 1009 788 erant
1028 725 1155 811 egressi

95 819 168 885 9111
192 842 256 905 quo
279 819 402 903 proelio
426 819 608 884 ceciderunt
631 818 721 883 milia
737 817 909 882 hominum
929 820 1074 888 circiter
1091 840 1155 886 m

130 922 163 983 et
186 919 214 982 si
238 917 315 1002 quid
339 916 490 1000 amplius,
512 921 677 999 praeterea
699 915 871 998 Labienus,
893 914 1018 984 Attius
1045 917 1154 999 Varus,

131 1015 249 1100 quibus
286 1015 399 1079 occisis
436 1014 582 1098 utrisque
618 1014 716 1079 funus
748 1017 798 1078 est
828 1012 975 1100 factum,
1014 1017 1153 1103 itemque

130 1113 255 1196 equites
282 1112 420 1177 Romani
447 1112 565 1194 partim
593 1135 633 1177 ex
661 1111 739 1176 urbe
765 1110 886 1194 partim
914 1134 960 1177 ex
986 1115 1151 1199 provincia

79 1226 113 1275 10
133 1210 174 1273 ad
209 1209 299 1273 milia
330 1228 377 1273 111.
428 1208 543 1274 Nostri
580 1209 751 1274 desiderati
782 1207 823 1271 ad
853 1207 1037 1277 hominum
1073 1211 1150 1278 mille

79 1325 111 1374 11
131 1309 250 1392 partim
274 1308 420 1392 equitum
443 1308 560 1390 partim
588 1307 747 1391 peditum,
774 1304 875 1370 saucii
898 1306 942 1371 ad
966 1306 1011 1372 D.
1037 1308 1149 1375 Adver-

130 1407 288 1471 sariorum
318 1405 443 1489 aquilae
471 1409 548 1470 sunt
575 1404 700 1470 ablatae
726 1422 790 1467 xm
814 1406 848 1467 et
869 1403 970 1488 sIgna
993 1410 1032 1471 et
1056 1408 1148 1473 fasces

138 1555 256 1568 ......
264 1507 624 1587 ,praeterea.......
667 1500 1051 1571 Hoshabuit.......

97 1621 109 1668 1
198 1600 332 1665 XXXII
376 1650 516 1666 .......
547 1624 587 1665 ex
610 1600 689 1685 fuga
711 1598 771 1663 hac
794 1599 851 1683 qui
874 1600 1043 1683 oppidum
1066 1602 1147 1668 Mun·

133 1701 206 1763 dam
242 1699 306 1763 sibi
338 1699 581 1763 constituissent
612 1697 819 1781 praesidium,
853 1698 1033 1783 nostrique
1068 1720 1146 1787 coge

97 1816 112 1863 ι
132 1798 251 1861 bantur
269 1796 447 1860 necessario
466 1818 521 1860 eos
540 1795 787 1860 circumvallare.
816 1794 869 1858 Ex
887 1794 1044 1863 hostium
1060 1798 1145 1864 armis

131 1897 280 1958 soutaet
302 1892 368 1976 pila
390 1915 448 1976 pro
472 1894 605 1976 cespite,
628 1915 687 2003 pro
711 1892 795 1957 vallo
823 1893 982 1958 cadavera
1008 1897 1146 1962 conloca

130 1993 210 2056 bant
210 2013 262 2076 ur3
294 1992 425 2074 insuper
457 1992 634 2056 occisorum
667 1992 700 2054 in
729 1990 909 2075 gladiorum
938 1995 1147 2060 mucronibus

130 2089 237 2174 capita
263 2088 432 2154 hominum
459 2089 605 2153 ordinata
633 2088 673 2151 ad
700 2088 854 2173 oppidum
877 2109 1058 2158 conversa:
1090 2092 1147 2159 uni·

130 2209 223 2251 versa
253 2186 397 2251 hostium
429 2187 579 2251 timorem
610 2235 751 2250 .......
781 2185 979 2270 virtutisque
1013 2190 1148 2276 insignia

131 2286 297 2369 proposita
327 2285 473 2350 viderent
505 2289 537 2348 et
568 2283 653 2348 vallo
684 2281 1019 2351 circumcluderentur
1049 2289 1148 2354 adver·

96 2402 112 2448 3
132 2383 216 2447 sarii.
262 2380 313 2447 Ita
336 2381 421 2447 Galli
444 2380 581 2468 tragulis
605 2380 780 2465 iaculisque
804 2380 975 2466 oppidum,
1005 2389 1096 2468 quod
1118 2406 1149 2450 cx

132 2479 275 2544 hostium
299 2480 506 2544 cadaveribus
530 2482 607 2542 sunt
629 2479 848 2563 circumplexi,
871 2501 1072 2568 oppugnare
1090 2504 1150 2550 coe

97 2596 114 2644 4
133 2582 257 2662 perunt.
293 2577 346 2640 Ex
368 2576 430 2641 hoc
447 2577 570 2660 proelio
589 2575 739 2641 Valerius
759 2576 946 2642 adulescens
966 2576 1151 2647 Cordubam

134 2698 206 2740 cum
225 2675 336 2759 paucis
350 2674 514 2757 equitibus
527 2675 622 2760 fugit,
642 2673 713 2739 Sex.
727 2673 893 2758 Pompeio,
909 2675 968 2758 qui
982 2674 1150 2745 Cordubae

99 2790 114 2838 5
134 2773 258 2855 fuisset,
281 2793 348 2835 rem
373 2775 497 2855 gestam
519 2773 626 2837 refert.
665 2771 803 2857 Cognito
822 2771 884 2837 hoc
901 2776 1055 2862 negotio,
1079 2797 1151 2863 quos

134 2871 258 2953 equibes
291 2890 399 2932 secum
430 2868 558 2954 habuit,
591 2869 677 2954 quod
707 2869 860 2953 pecuniae
889 2891 1003 2936 secum
1033 2874 1152 2955 babuit,

135 2968 182 3031 e'is
211 2965 376 3030 distribuIt
403 2969 436 3029 et
462 2966 631 3049 oppidanis
660 2967 742 3032 dixit
773 2990 807 3031 se
835 2966 874 3031 de
903 2989 985 3050 pace
1017 2974 1062 3038 ad
1086 2973 1152 3038 cae

135 3086 238 3129 sarem
261 3063 422 3147 proficisci
444 3067 477 3128 et
502 3065 641 3129 secunda
658 3063 771 3149 vigilia
794 3063 834 3126 ab
854 3063 974 3148 oppido
997 3068 1153 3136 discessit

100 3181 116 3228 6
135 3161 191 3227 Cn.
210 3161 383 3246 Pompeius
406 3185 478 3228 cum
502 3163 665 3247 equitibus
687 3161 798 3246 paucis
817 3161 1057 3250 nonnullisque
1076 3166 1154 3254 pedi

136 3262 225 3325 tibus
254 3260 293 3324 ad
320 3261 431 3326 navale
462 3260 656 3344 praesidium
683 3259 861 3343 parandum
889 3258 1062 3332 Carteiam
1091 3289 1155 3333 con·

137 3359 250 3441 tendit,
274 3358 360 3442 quod
383 3359 536 3442 oppidum
561 3359 651 3421 abest
674 3357 861 3422 adorduba
883 3356 977 3423 milia
1002 3385 1155 3447 passuum

104 3471 240 3520 tonxx.
300 3455 370 3532 Quo
412 3477 485 3520 cum
526 3456 566 3519 ad
603 3459 750 3519 octavum
790 3453 968 3521 miliarium
1007 3464 1155 3543 venisset

139 3552 175 3618 P.
208 3552 383 3634 Caucilius,
420 3553 475 3636 qui
513 3553 626 3616 castris
658 3557 752 3617 antea
783 3552 917 3637 Pompei
949 3563 1155 3647 praepositus
