2414 3968
153 182 219 248 200
369 182 396 238 0.
416 183 503 239 IULH
520 183 692 239 CAESARIS
711 183 950 240 FRAGMENTA.

152 328 280 394 ἀρχιερέα
303 329 348 383 καί
371 327 508 396 ἐθνάρχην
528 328 668 384 Ἰουδαίων
686 330 821 396 πέπομφα
846 329 913 396 ύμῖν
931 332 965 385 τὸ
988 332 1178 402 ἀντίγραφον,

151 397 193 450 ἵν’
211 399 241 453 ἐν
263 407 322 455 τοῖς
346 400 484 467 δημοςίαις
505 401 585 467 ύμιύν
610 401 760 468 ἀνακέηται
782 400 948 468 γράμμαςιν.
983 405 1128 472 βούλομαι
1151 408 1178 460 δέ

152 471 197 523 καί
220 472 354 540 ἐλληνιςτί
377 473 422 524 καί
445 473 577 539 ῥωμαϊςτί
601 472 631 526 ἐν
655 473 743 541 δέλτῳ
766 475 853 541 χαλκῇ
879 477 967 528 τούτο
994 476 1179 546 ἀνατεθῆναι.

99 554 138 594 ιιι
152 541 223 595 ἔςτιν
242 545 276 610 δὴ
295 547 395 598 τούτο·
416 544 524 597 Ἰούλιος
539 544 636 610 Καῑςαρ
656 544 838 610 αὐτοκράτωρ
853 546 898 598 καί
912 545 1066 614 ἀρχιερεύς
1085 547 1179 604 δικτά-

151 629 205 679 τωρ
224 615 258 668 τὸ
277 617 409 681 δεύτερον
429 615 498 680 μετά
516 614 681 681 ςυμβουλίου
699 616 813 682 γνώμη(
831 616 969 684 ἐπέκρινα.
995 619 1060 673 ἐπεί
1081 621 1179 689 Ὑρκα·

150 683 199 737 νδς
219 685 399 752 Ἀλεξάνδρου
415 687 545 741 Ἰουδαῖος
563 687 608 740 καί
626 691 678 740 νύν
697 688 742 740 καί
761 688 791 740 ἐν
808 693 868 741 τοῖς
886 688 1048 756 ἔμπροςθεν
1067 693 1180 759 χρόνοις

152 755 182 807 ἐν
200 772 231 810 τε
250 756 345 825 εἰρήνη
365 758 411 810 καί
427 757 540 827 πολέμῳ
554 757 643 812 πίςτιν
660 775 692 812 τε
706 759 751 811 καί
770 760 894 825 ςπουδὴν
911 761 975 826 περί
995 762 1037 815 τὰ
1054 763 1179 832 ἡμέτερα

150 827 299 893 πράγματα
327 827 499 895 ἐπεδείξατο,
523 830 562 883 ὡς
589 831 666 898 αύτῷ
693 831 790 883 πολλοὶ
818 831 1069 898 μεμαρτυρήκαςιν
1100 837 1180 890 atra>

97 911 136 952 ιιι
151 898 292 967 κράτορες,
311 902 356 954 καί
375 899 460 969 ἐντῷ
479 901 589 966 ἐγγιςτα
609 901 639 954 ἔν
654 900 844 970 Ἀλεξανδρείᾳ
861 902 977 970 πολέμῳ
994 906 1071 968 μετὰ
1086 907 1180 972 χιλίων

150 971 338 1025 πεντακοςίων
366 977 544 1039 ςτρατιωτῶν
566 971 634 1038 ἡκεν
661 973 799 1038 ςύμμαχος
827 974 871 1026 καί
897 973 969 1041 πρὸς
997 976 1179 1046 Μιθριδάτην

151 1040 313 1096 ἀποςταλείς
336 1043 388 1096 ὑπ’
406 1044 474 1108 έμού
496 1044 604 1097 πάντας
626 1043 739 1112 ἀνδρείᾳ
761 1045 829 1097 τοὺς
847 1045 877 1097 ἐν
895 1045 972 1099 τάξει
992 1047 1178 1119 ὑπερέβαλεν,

97 1126 138 1166 194
152 1110 197 1163 διά
215 1114 319 1168 ταύτας
336 1114 387 1168 τάς
406 1114 493 1168 αἰτίας
512 1115 648 1182 Ὑρκανὸν
664 1114 845 1182 Ἀλεξάνδρου
862 1117 907 1169 καί
920 1116 957 1169 τά
974 1117 1069 1173 τέκνα
1090 1123 1177 1176 αύτού

151 1181 286 1251 ἐθνάρχας
309 1185 448 1240 Ἰουδαίων
472 1187 543 1240 είναι
566 1186 770 1254 ἀρχιερωςύνην
788 1201 820 1240 τε
839 1185 982 1240 Ἰουδαίων
1002 1190 1053 1242 διά
1072 1193 1179 1247 παντὸς

149 1253 222 1318 ἔχειν
241 1258 312 1310 κατά
329 1258 366 1311 τὰ
383 1258 487 1325 πάτρια
501 1258 559 1325 ἔθη,
579 1257 650 1311 εἷναί
667 1273 699 1311 τε
713 1258 800 1311 αὐτὸν
813 1259 859 1311 καί
872 1259 941 1311 τούς
958 1262 1068 1316 παῖδας
1089 1265 1176 1318 αὐτού

149 1327 307 1393 ςυμμάχους
324 1331 390 1396 ἡμῖν
408 1330 449 1382 ἐτι
462 1345 494 1382 τε
512 1330 556 1382 καί
571 1328 601 1382 ἐν
619 1334 678 1383 τοῖς
692 1330 757 1382 κατ’
775 1330 864 1395 ἄνδρα
878 1328 970 1396 φίλοις
990 1330 1175 1403 άριθμειςθαι,

149 1396 199 1450 δςα
216 1415 248 1452 τε
267 1401 337 1454 κατά
354 1402 422 1454 τοὺς
440 1398 526 1454 ἰδίους
549 1402 644 1454 αύτύιν
661 1400 765 1466 νόμους
783 1400 854 1453 ἐςτίν
873 1401 1059 1468 ἀρχιερατικὰ
1079 1406 1175 1474 φιλάν

149 1470 256 1538 θρωπα,
274 1476 364 1525 ταύτα
383 1472 487 1525 κελεύω
507 1471 632 1537 κατέχειν
652 1471 739 1525 αὐτὸν
753 1472 797 1524 καί
815 1471 851 1524 τά
864 1472 949 1525 τέκνα
964 1473 1075 1528 αὐτού·
1097 1479 1135 1532 ἀν
1146 1493 1174 1531 τε

149 1543 250 1604 μεταξύ
273 1541 388 1609 γένηταί
410 1556 451 1596 τις
470 1543 580 1609 Ζήτηςις
602 1544 665 1610 περὶ
683 1545 735 1608 τῆς
754 1541 892 1596 Ἰουδαίων
910 1543 1045 1614 ἀγωγῆς,
1066 1548 1172 1616 άρέςκει

149 1626 194 1675 μοι
213 1611 296 1680 κρίςιν
315 1612 436 1678 γίνεςθαι
460 1612 542 1683 [παρ’
561 1611 675 1684 αύτοῖς].
711 1612 928 1681 παραχειμαςίαν
947 1614 980 1668 δέ
999 1617 1019 1684 ἢ
1041 1621 1172 1687 χρήματα

147 1682 307 1747 πράςςεςθαι
326 1685 359 1737 ού
379 1684 526 1749 δοκιμάζω.

96 1769 134 1808 ινα
219 1756 245 1807 3.
271 1756 351 1809 Γαίου
372 1754 503 1822 Καίςαρος
521 1756 728 1823 αὐτοκράτορος
745 1756 853 1809 ὑπάτου
873 1756 1014 1821 δεδομένα
1034 1776 1170 1829 ςυγκεχω·

148 1823 254 1888 ρημένα
272 1827 487 1893 προεκεκριμένα
505 1827 577 1880 ἐςτίν
594 1829 685 1881 οὕτως
703 1828 812 1893 ἔχοντα.
831 1827 908 1881 ὅπως
920 1828 957 1881 τά
971 1829 1063 1885 τέκνα
1083 1835 1169 1888 αύτού

147 1899 199 1946 τού
219 1896 359 1950 ’Ἰουδαίων
382 1899 481 1951 ἔθνους
499 1898 583 1967 άρχη,
603 1900 647 1952 καί
670 1900 737 1952 τούς
761 1898 926 1963 δεδομένου(
943 1899 1057 1957 τόπους
1076 1903 1168 1972 καρπί-

147 1966 259 2036 Ζωνται,
279 1970 323 2021 καί
341 1969 357 2022 δ
376 1969 519 2036 ἀρχιερεύς
532 1969 617 2023 αὐτὸς
634 1972 680 2023 καί
695 1970 831 2037 ἐθνάρχης
847 1973 906 2023 τῶν
926 1970 1075 2028 Ἰουδαίων
1095 1992 1168 2043 πραι-

95 2053 133 2093 ιυι
148 2040 244 2104 ετῆται
262 2045 321 2094 τῶν
340 2040 538 2105 ἀδικουμένων.
563 2041 669 2107 πέμψαι
684 2042 714 2094 δέ
727 2041 797 2107 πρὸς
816 2041 952 2107 Ὑρκανὸν
967 2042 1022 2096 τὸν
1043 2045 1167 2101 Ἀλεξάν-

148 2109 216 2175 δρου
244 2111 305 2165 υίὸν
334 2112 461 2179 ἀρχιερέα
488 2118 546 2166 τῶν
574 2111 714 2166 ’Ἰουδαίων
742 2113 787 2165 καί
809 2112 976 2178 πρεςβευτάς
1004 2118 1077 2171 τοὺς
1109 2117 1167 2185 περί

147 2180 240 2247 φιλίας
262 2185 306 2237 καί
330 2182 481 2250 ςυμμαχίας
504 2184 723 2250 διαλεξομένους·
743 2184 910 2248 ἀνατεθῆναι
933 2183 966 2237 δέ
989 2188 1039 2239 καί
1062 2192 1165 2256 χαλκῆν

147 2252 244 2306 δέλτον
267 2259 357 2308 ταύτα
379 2254 557 2322 περιέχουςαν
580 2255 611 2308 ἔν
628 2271 660 2308 τε
677 2260 719 2323 τῷ
744 2252 910 2323 Καπετωλίῳ
934 2256 980 2308 καί
1000 2257 1106 2314 (ιδιῑινι
1125 2261 1163 2314 καί

146 2323 228 2393 Τύρῳ
256 2327 301 2379 καί
329 2326 359 2379 έν
388 2326 536 2380 Ἀςκάλωνι
564 2325 635 2395 [καί]
668 2325 698 2379 ἐν
726 2331 784 2378 τοίς
810 2331 887 2379 ναοῖς
919 2326 1163 2398 ἐγκεχαραγμένην

93 2409 132 2450 198
146 2395 299 2462 γράμμαςιν
320 2398 482 2464 Ῥωμαικοῑς
500 2399 544 2450 καί
564 2398 735 2464 Ἑλληνικοῖς.
769 2397 845 2450 ὅπως
861 2411 894 2450 τε
911 2397 945 2450 τὸ
965 2398 1063 2464 δόγμα
1081 2407 1162 2456 τούτο

145 2469 209 2518 πάςι
226 2473 286 2521 τοῖς
304 2469 375 2521 κατὰ
393 2471 446 2535 τὴν
464 2469 544 2522 πάλιν
561 2468 671 2533 ταμίαις
689 2470 734 2520 καί
752 2473 810 2521 τοῖς
827 2469 938 2521 τούτων
957 2470 1162 2543 ἡγουμένολςίι

146 2535 183 2589 είς
200 2554 232 2591 τε
249 2541 317 2592 τοὺς
335 2539 434 2607 φίλους
452 2539 633 2604 άνενέγκωςιν
651 2540 696 2593 καί
710 2540 784 2593 ξένια
801 2544 860 2592 τοῖς
876 2541 1062 2606 πρεςβευταῑς
1078 2560 1162 2612 παρα·

145 2614 216 2674 ςχεῑν
235 2612 280 2663 καὶ
298 2611 334 2663 τὰ
353 2610 526 2676 διατάγματα
544 2611 696 2676 διαπέμψαι
713 2613 864 2676 πανταχού.

93 2695 131 2736 199
217 2683 242 2734 4.
277 2682 354 2735 Γάιος
382 2682 480 2749 Καῑςαρ
508 2682 691 2749 αὐτοκράτωρ
718 2681 857 2748 δικτάτωρ
879 2682 988 2737 ὕπατος
1014 2690 1101 2754 τιμῆς
1122 2685 1160 2740 καί

145 2750 246 2818 άρετής
271 2755 315 2805 καί
344 2752 552 2821 φιλανθρωπίας
581 2754 674 2807 ἕνεκεν
704 2753 891 2820 ςυνεχώρηςεν
919 2753 964 2807 ἔπί
992 2759 1161 2826 ςυμφέροιπι

145 2824 189 2874 καί
207 2829 242 2892 τι]
263 2825 406 2893 ςυγκλὴτῳ
426 2825 470 2876 καί
483 2830 525 2893 τῷ
544 2825 624 2893 δήμῳ
642 2829 701 2878 τῶν
721 2823 865 2889 Ῥωμαίων
880 2823 1021 2890 Ὑρκανὸν
1043 2829 1159 2885 Ἀλεξάν

145 2894 212 2960 δρου
232 2894 294 2947 υίδν
313 2898 357 2948 καί
379 2896 464 2949 τέκνα
487 2897 574 2949 αὐτού
599 2896 732 2963 ἀρχιερεῖς
749 2910 781 2949 τε
799 2896 844 2948 καί
866 2894 948 2961 ίερεἸς
968 2897 1158 2968 Ἱεροςολύμων

144 2967 188 3016 καί
206 2971 258 3018 τού
277 2967 375 3019 ἔθνους
394 2967 464 3019 εἶναι
477 2967 522 3020 ἔπί
535 2973 593 3021 τοῖς
607 2965 728 3034 δικαίοις,
747 2965 789 3019 οἷς
803 2967 847 3019 καί
862 2965 888 3018 οἱ
905 2967 1049 3033 πρόγονοι
1068 2973 1157 3026 aarum

143 3037 196 3101 τὴν
215 3037 419 3104 ἀρχιερωςύνην
438 3038 623 3105 διακατέςχον.

491 3179 516 3215 α.
531 3178 558 3216 α.
573 3178 594 3216 α.
614 3160 723 3216 Doox
740 3164 810 3230 (44),

91 3261 130 3302 νου
217 3251 241 3301 5.
275 3250 353 3303 Γάιος
371 3251 470 3317 Καῖςαρ
492 3252 598 3304 ύπατος
615 3252 649 3304 τὸ
668 3251 794 3317 πέμπτον
817 3252 924 3318 ἔκρινεν
946 3253 1074 3310 τούτους
1092 3258 1156 3322 ἔχειν

144 3321 189 3372 καὶ
206 3319 318 3385 τειχίςαι
336 3324 388 3387 τὴν
408 3322 628 3388 Ἱεροςολυμιτύιν
641 3323 729 3391 πάλιν,
749 3324 793 3375 καί
807 3324 932 3387 κατέχειν
951 3324 1046 3392 αὐτὴν
1067 3327 1156 3396 Ὑρκα-

142 3391 193 3443 νὸν
217 3391 396 3459 Ἀλεξάνδρου
420 3394 547 3460 ἀρχιερέα
570 3393 709 3447 ’Ἰουδαίων
732 3395 776 3446 καί
800 3394 938 3460 ἐθνάρχην
962 3395 1003 3449 ὡς
1022 3398 1060 3451 ἂν
1079 3397 1156 3453 αὐτὸς

90 3473 129 3513 201
143 3466 319 3529 προαιρῆται.
351 3464 427 3517 ὅπως
448 3481 479 3517 τε
503 3464 640 3518 Ἰουδαίοις
663 3465 693 3517 ἐν
716 3470 758 3533 τῳ
782 3465 904 3533 δευτέρῳ
928 3468 980 3532 τῆς
1005 3472 1156 3534 μιςθιάςεως

143 3530 223 3604 [ἔτει]
250 3537 301 3600 τῆς
327 3535 465 3600 προςάδου
494 3536 578 3602 κδρον
605 3536 792 3590 ὑπεξέλωνται
819 3537 863 3589 καὶ
891 3536 961 3602 μήτε
991 3536 1157 3607 ἐργολαβιύςί

142 3621 216 3660 τινες
234 3605 303 3673 μήτε
322 3606 429 3672 φόρους
447 3608 513 3660 τούς
532 3608 635 3661 αύτούς
652 3609 773 3660 τελωςιν.
