2414 3968
434 961 749 1036 PRAEFATIO.

172 1233 289 1293 Invitus
311 1250 406 1309 paene
429 1251 483 1291 nec
505 1232 568 1291 sine
592 1231 681 1291 anxia
708 1229 896 1290 dubitatione
924 1248 1098 1306 supremum

85 1323 164 1381 hunc
187 1323 364 1382 fasciculum
383 1321 521 1382 editionis
542 1319 737 1380 Caesarianae
755 1319 787 1378 in
806 1319 961 1395 publicum
980 1320 1097 1394 emitto;

84 1411 134 1471 vix
167 1411 245 1471 enim
276 1411 437 1488 inveneris,
471 1410 543 1486 quid
576 1408 726 1469 difficilius
754 1408 793 1468 sit
826 1426 917 1484 quam
945 1427 1096 1468 recensere

83 1500 175 1560 verba
207 1501 412 1561 commentarii
439 1500 492 1576 qui
519 1500 616 1558 fertur
643 1497 679 1557 de
701 1497 779 1558 bello
799 1497 1004 1574 Hispaniensi,
1028 1497 1097 1557 libri

83 1590 224 1649 sescentis
255 1590 329 1650 locis
356 1589 491 1665 corrupti
523 1591 614 1664 atque
642 1588 679 1647 ab
707 1607 741 1648 eo
770 1586 886 1663 scripti,
919 1587 971 1661 qui
1002 1587 1097 1646 latine

83 1678 180 1756 magis
202 1678 389 1737 balbutiebat
413 1695 503 1753 quam
525 1677 713 1754 loquebatur.
748 1675 806 1746 Qui
830 1671 904 1751 quid
927 1676 1023 1736 dicere
1046 1672 1115 1736 vo·'

83 1766 188 1842 luerit,
222 1785 405 1842 quamquam
440 1766 592 1826 interdum
623 1766 757 1825 divinare
792 1783 964 1842 possumus,
995 1769 1098 1825 tamen

87 1854 259 1930 saepissime
278 1854 458 1932 dubitamus,
481 1858 585 1914 utrum
601 1855 647 1914 ita
665 1854 781 1930 dixerit,
799 1857 835 1913 ut
853 1854 885 1912 in
903 1854 987 1914 libris
1005 1872 1097 1913 manu

85 1943 205 2018 scriptis
227 1943 347 2020 legitur,
371 1962 409 2002 an
428 1943 572 2004 dictiones
590 1943 734 2002 barbarae
752 1942 916 2002 secundum
937 1946 1099 2020 praecepta

85 2031 159 2090 artis
183 2032 395 2108 grammaticae
414 2031 605 2110 corrigendae
624 2033 693 2108 sint,
717 2051 785 2091 cum
802 2032 979 2108 praesertim
997 2031 1097 2091 videa·

84 2137 151 2178 mus
178 2119 347 2196 librarium,
376 2121 429 2196 qui
461 2121 656 2196 archetypum
683 2120 703 2198 β
730 2119 861 2196 scripsit,
889 2120 1021 2180 inbelle
1044 2120 1097 2177 Hi-

85 2208 236 2284 spaniensi
254 2227 376 2268 munere
399 2227 454 2269 suo
472 2208 730 2287 neglegentissime
749 2208 888 2268 functum
910 2226 981 2285 esse,
1004 2209 1098 2268 consi·

85 2297 181 2372 liique
191 2297 265 2356 certi
275 2300 409 2373 expertes
424 2298 587 2356 haeremus.
612 2295 694 2365 Quae
708 2315 777 2356 cum
790 2296 834 2356 ita
844 2297 912 2372 sint,
921 2298 1098 2373 plerumque

87 2386 200 2445 rectius
222 2385 296 2444 mihi
318 2385 417 2445 visum
440 2389 486 2446 est
504 2403 547 2462 ea,
571 2403 648 2461 quae
666 2385 698 2443 in
716 2385 866 2445 codicibus
888 2385 1002 2445 tradita
1020 2389 1099 2462 sunt,

88 2475 281 2551 quantumvis
314 2478 467 2551 corrupta,
503 2474 645 2550 praebere
680 2473 841 2534 lectoribus
878 2474 1013 2535 monenti
1049 2492 1099 2534 eos

85 2583 172 2624 cruce
196 2564 342 2640 adposita,
366 2568 401 2624 ut
424 2563 456 2622 in
478 2563 558 2624 notis
577 2563 687 2622 criticis
709 2563 840 2640 videant,
864 2580 942 2638 quae
965 2562 1098 2624 homines

84 2653 163 2713 docti
191 2653 230 2711 ad
260 2652 369 2711 menda
399 2652 533 2713 tollenda
566 2652 725 2712 commenti
756 2652 830 2728 sint,
860 2669 951 2728 quam
982 2654 1098 2711 textum

86 2741 172 2801 edere
204 2741 382 2802 coniecturis
410 2741 631 2819 philologomm
662 2761 722 2801 non
753 2741 853 2800 minus
885 2741 1099 2817 interpolatum

87 2833 266 2890 vexatumve
281 2848 373 2907 quam
390 2833 555 2908 purgatum
569 2848 603 2889 ac
621 2830 805 2906 perpolitum
822 2848 920 2905 neque
935 2829 1099 2889 absimilem

85 2919 177 2978 vestis
203 2919 316 2995 ubique
344 2920 460 2979 lacerae
488 2937 523 2978 ac
544 2919 651 2994 pannis
679 2919 784 2978 alienis
811 2919 945 2979 colorum
971 2919 1099 2978 maxime

85 3006 236 3067 variorum
261 3007 375 3068 adsutis
402 3009 481 3067 male
505 3011 611 3067 sartae.
654 3006 766 3077 Quodsi
790 3008 822 3066 in
846 3008 972 3067 alteram
998 3010 1099 3067 utram

85 3098 204 3171 partem
220 3097 350 3172 peccavi,
372 3097 469 3175 magis
487 3116 599 3173 vereor,
621 3116 657 3155 ne
676 3114 784 3172 parum
802 3096 998 3156 abstinuerim
1016 3097 1098 3172 cupi·

87 3183 183 3243 ditate
202 3185 380 3261 corruptelis
397 3185 544 3262 medendi,
568 3203 629 3261 qua
647 3184 686 3244 ad
704 3184 897 3245 difficultates
916 3185 1098 3261 superandae

84 3272 159 3330 iHici
191 3273 332 3350 solemuS,
361 3293 452 3350 quam
479 3295 516 3334 ne
547 3274 683 3334 crucibus
715 3274 803 3332 nimis
835 3275 939 3333 multis
971 3274 1099 3350 adpictis

84 3361 237 3420 lacunisve
260 3361 399 3422 indicatis
422 3363 617 3422 deterruerim
644 3363 783 3438 lectoreS,
807 3363 966 3438 quominus
990 3362 1100 3422 adeant

83 3449 163 3507 hunc
189 3450 332 3510 libellum
374 3451 466 3512 (iuius
493 3452 607 3513 indoles
634 3471 694 3512 non
721 3455 767 3511 est
790 3469 840 3528 ea,
863 3454 899 3510 ut
922 3451 961 3511 ad
990 3468 1099 3528 pueros
1166 3460 1169 3465 ’

84 3539 238 3598 elementis
264 3539 386 3618 linguae
413 3541 526 3601 latinae
555 3540 717 3601 initiandos
744 3540 776 3598 in
803 3540 911 3601 scholis
941 3543 1098 3615 tractetur,
