2414 3968
119 200 162 264 34
385 198 534 253 BELLUM
551 197 855 253 ALEXANDRINUM.

118 366 179 428 que
202 361 222 409 c
245 348 511 428 praepararentur
528 343 744 427 pecuniaeque
763 342 1019 410 discriberentur
1037 347 1129 429 atque

116 441 362 526 imperarentur,
393 464 434 506 ne
468 461 622 524 quares,
654 462 727 504 cum
757 439 909 523 redisset,
941 445 1128 507 moraretur.

80 537 251 603 4Reditus
275 539 344 603 eius
367 538 431 603 fuit
449 535 583 602 celerior
605 537 750 601 omnium
770 536 935 621 opinione:
958 539 1128 603 nonenim

115 634 206 700 labor
229 640 285 700 aut
301 635 472 719 vigilantia
495 634 637 716 cupienti
659 633 849 717 praesertim
873 632 1001 719 aliquid
1020 633 1128 701 (laesio

115 731 235 797 deerat.

82 845 96 892 1
180 827 250 892 LII.
286 827 442 892 Exercitu
474 832 583 891 coacto
615 827 650 890 in
678 848 778 891 unum
807 826 915 891 locum
946 830 1067 895 castris
1093 829 1129 895 sd

116 922 299 989 Cordubam
316 924 431 1007 positis
454 945 512 1008 pro
532 923 681 989 contione
704 922 863 987 militibus
882 925 1030 1009 exponit,
1053 947 1128 1010 ques

116 1044 167 1086 res
198 1020 341 1086 Caesaris
371 1020 462 1084 iussu
494 1040 604 1105 gerere
636 1020 781 1103 deberet,
812 1018 1053 1106 polliceturque
1082 1022 1128 1106 iis,

117 1140 189 1182 cum
213 1118 247 1182 in
265 1117 499 1182 Mauretaniam
521 1117 708 1200 traiecisset,
730 1116 898 1181 sestertios
917 1121 1076 1184 centenos
1097 1141 1127 1183 se

82 1230 98 1278 2
118 1216 280 1299 daturum,
303 1215 449 1299 quintam
468 1214 537 1279 fore
555 1215 590 1279 in
607 1212 767 1297 Hispania
783 1212 953 1298 legionem.
986 1213 1043 1280 Ex
1060 1237 1127 1281 con·

116 1313 204 1378 tione
236 1334 269 1377 se
299 1311 481 1377 Cordubam
508 1311 642 1394 recepit,
670 1310 869 1420 eQIPIff
900 1310 953 1376 die
983 1315 1126 1396 tempore

115 1409 365 1493 postmeridiano
388 1430 461 1474 cum
479 1408 514 1471 in
533 1407 699 1472 basilicam
717 1408 792 1492 iret,
815 1407 946 1491 quidum
964 1406 1126 1475 Minucius

117 1505 197 1590 Silo,
225 1506 324 1571 cliens
351 1505 387 1569 L.
411 1504 545 1589 Rsoilii,
571 1504 731 1589 libellum,
759 1505 851 1588 quasi
879 1502 1006 1589 aliquid
1029 1506 1070 1571 ab
1092 1527 1126 1571 eo

114 1603 305 1687 postularet,
337 1606 375 1667 ut
401 1602 496 1666 miles
525 1602 554 1666 ei
581 1602 695 1686 tradit,
727 1600 841 1665 deinde
867 1605 944 1684 post
965 1601 1125 1669 Racilium

115 1736 160 1746 -
183 1721 258 1762 nam
285 1700 313 1763 is
340 1697 426 1762 latus
449 1696 555 1762 Cassii
577 1699 707 1783 tegebat
729 1734 786 1782 —,
819 1698 911 1782 quasi
936 1720 1125 1784 responsum

115 1799 252 1880 peteret,
282 1794 429 1859 celeriter
457 1796 531 1860 dato
559 1793 630 1859 loco
654 1816 728 1859 cum
750 1817 785 1860 se
814 1795 1028 1881 insinuasset,
1055 1797 1125 1862 sini·

81 1905 97 1952 3
116 1894 184 1954 stra
201 1891 334 1974 corripit
352 1913 500 1956 averem
520 1891 695 1976 dextraque
712 1892 764 1956 bis
782 1891 858 1956 ferit
876 1892 1030 1976 pugione.
1061 1893 1124 1959 cla

115 2008 204 2050 more
227 1986 355 2050 sublato
377 1986 416 2051 fit
439 2010 459 2051 a
481 1987 655 2052 coniuratis
682 1989 821 2073 impetus
844 1989 1016 2055 universis.
1058 1989 1124 2055 Mu·

115 2084 222 2148 natiue
243 2081 377 2148 Flaccus
403 2085 587 2167 proximum
614 2085 720 2169 gladio
743 2084 854 2150 traicit
875 2084 1040 2172 lictorem,
1066 2087 1124 2153 hoc

79 2196 96 2243 4
114 2178 283 2244 interfecto
303 2177 338 2255 Q.
354 2178 501 2243 Cassium
523 2179 667 2266 legatum
685 2181 841 2246 vulnerat.
878 2179 929 2246 Ibi
951 2178 988 2247 Τ.
1007 2182 1124 2251 Vasius

114 2282 147 2341 et
167 2276 203 2341 L.
226 2274 378 2340 Mercello
402 2276 502 2341 simili
525 2278 718 2343 confidentia
739 2278 904 2363 Flaccum,
926 2281 1122 2366 municipem

113 2396 217 2458 suum,
239 2374 404 2438 adiuvant:
428 2378 519 2438 erant
541 2376 628 2440 enim
651 2398 761 2440 omnes
779 2375 976 2442 Italicenses
1013 2376 1062 2445 At
1078 2379 1123 2463 ip

113 2493 185 2535 sum
206 2470 390 2555 Longinum
412 2469 448 2534 L.
466 2469 609 2536 Licinius
634 2470 780 2556 Squillus
807 2472 932 2538 involat
952 2472 1123 2541 iacentem·

113 2590 175 2651 que
197 2565 322 2631 levibus
346 2566 470 2630 sauciat
493 2566 609 2651 plagis.

80 2680 93 2727 1
178 2662 263 2728 LIII.
301 2662 511 2727 Concurritur
535 2665 575 2727 ad
598 2662 745 2730 Cassium
768 2666 1015 2732 defendendum:
1047 2692 1124 2737 sem·

113 2781 170 2842 per
201 2760 287 2823 enim
318 2759 460 2846 Berones
495 2761 739 2845 compluresque
767 2767 915 2829 evocatos
946 2785 1020 2829 curn
1053 2766 1124 2832 telis

80 2871 222 2918 saecum
243 2856 360 2920 habere
380 2859 557 2920 consuerat.
595 2856 763 2942 Aquinus
785 2859 884 2924 ceteri
906 2860 1125 2929 intercludun-

114 2955 177 3035 tur,
200 2952 257 3034 qui
278 2953 320 3016 ad
338 2953 467 3017 caedem
489 2953 668 3018 faciendam
692 2957 985 3043 subsequebantur,
1009 2960 1125 3043 quoin

114 3068 247 3111 numero
269 3049 334 3113 fuit
357 3047 549 3135 Calpurnius
574 3049 743 3117 Salvianus
771 3057 804 3117 et
826 3052 980 3119 Manilius
1006 3054 1126 3123 Tuscu·

81 3142 175 3208 slus.
220 3141 381 3209 Minucius
415 3147 499 3211 inter
530 3169 620 3232 saxa,
653 3170 734 3232 quae
766 3149 913 3215 iacebant
939 3150 975 3215 in
1001 3151 1127 3237 itinere,

113 3239 240 3324 fugiens
269 3242 463 3324 opprimitur
491 3248 524 3307 et
553 3244 653 3309 relato
681 3245 812 3309 domum
841 3244 951 3311 cassio
981 3248 1024 3313 ad
1054 3272 1127 3315 eum

115 3335 292 3401 deducitur.
327 3337 470 3404 Racilius
493 3340 529 3403 in
551 3341 731 3425 proximam
749 3363 784 3407 se
802 3342 934 3407 domum
956 3342 1128 3412 familiaris

116 3433 168 3498 sui
190 3433 322 3518 confert,
345 3435 422 3501 dum
444 3439 568 3501 certum
589 3443 804 3523 cognosceret,
827 3439 1034 3509 confectusne
1055 3442 1128 3511 (las

79 3528 184 3595 seius
212 3534 304 3597 esset
348 3530 384 3596 L.
411 3531 594 3598 Laterensis
622 3555 695 3599 cum
722 3535 755 3599 id
781 3558 846 3600 non
870 3537 1051 3625 dubitaret,
1077 3540 1129 3607 ad·
