2414 3968
119 173 162 237 74
453 173 601 228 BELLUM
619 172 788 229 eumcum

114 317 265 403 tendetis,
293 321 416 383 certum
444 321 493 382 est
514 317 607 382 vobis
629 317 730 382 vitam
752 320 786 381 et
806 316 978 400 pecuniam
1002 316 1126 381 donare.

115 413 325 500 Quapropter,
349 416 427 500 quid
448 414 604 499 sentiatis,
626 412 877 498 proloquimini.'

81 526 95 574 ι
180 509 344 578 XXXXV.
388 511 459 578 Hac
481 512 593 576 habita
615 511 759 576 oratione
785 509 893 594 Scipio
921 531 997 575 cum
1020 510 1125 575 existi·

114 611 234 671 masset
263 629 323 692 pro
352 629 411 673 suo
444 608 599 673 beneficio
630 607 700 673 sine
732 607 829 674 dubio
857 607 898 673 ab
925 606 978 672 his
1006 608 1124 692 gratias

79 703 178 768 asibi
205 708 313 768 actum
340 703 394 788 iri,
424 707 618 789 potestatem
645 705 685 769 iis
713 704 843 770 dicundi
868 704 955 769 fecit.
1000 703 1056 770 Ex
1082 705 1123 770 eis

114 802 257 864 centurio
279 799 418 884 legionis
441 818 502 864 mv
530 799 604 866 ‘Pro
627 801 706 886 tuo',
733 801 848 885 inquit,
871 799 1012 866 ‘summo
1034 801 1123 867 bene

113 897 196 981 ficio,
220 896 338 981 Scipio,
360 897 422 962 tibi
444 897 565 982 gratias
588 917 648 981 ago
671 934 716 944 -
737 918 803 962 non
825 896 912 963 enim
934 900 968 962 te
992 897 1123 983 impera

114 997 218 1059 torem
241 992 367 1077 appello
389 1030 448 1078 -,
474 993 561 1078 quod
582 993 663 1058 mihi
684 994 785 1058 vitam
806 992 1123 1079 incolumitatemque

114 1091 192 1155 belli
214 1090 283 1155 iure
307 1094 400 1174 capto
423 1090 598 1174 polliceris,
625 1094 658 1155 et
679 1090 789 1156 forsan
810 1090 875 1155 isto
897 1093 1009 1157 uterer
1034 1091 1124 1157 bene

79 1187 202 1271 eficio,
229 1188 345 1251 sinon
368 1187 398 1252 ei
420 1208 581 1252 summum
605 1186 708 1252 scelus
731 1187 967 1271 adiungeretur.
1013 1187 1123 1274 Egone

117 1289 228 1350 contra
251 1283 417 1350 Gaesarem
440 1285 665 1368 imperatorem
686 1305 803 1368 meum,
825 1284 911 1368 apud
928 1306 1028 1368 quem
1046 1286 1124 1351 ordi·

114 1402 188 1445 nem
225 1382 315 1466 duxi,
351 1382 483 1467 eiusque
519 1381 708 1465 exercitum
743 1402 803 1466 pro
840 1382 931 1462 cuius
968 1381 1124 1468 dignitate

113 1479 311 1563 victoriaque
334 1479 472 1563 amplius
495 1495 606 1542 xxxvl
628 1499 728 1542 annos
751 1478 946 1563 depugnavi,
973 1480 1126 1546 adversus

77 1590 96 1637 4
115 1580 320 1659 armatusque
339 1575 534 1640 consistam?
569 1573 684 1660 Neque
704 1596 763 1660 ego
781 1574 870 1638 istud
886 1574 1034 1641 facturus
1056 1600 1125 1643 sum

115 1675 148 1736 et
179 1675 212 1736 te
243 1692 451 1757 magnopere,
481 1676 520 1736 ut
552 1671 590 1736 de
621 1672 752 1757 negotio
782 1672 932 1756 desistas,
963 1673 1126 1740 adhortor.

115 1766 235 1832 Contra
262 1768 353 1833 cuius
381 1769 466 1833 enim
494 1769 601 1852 copias
629 1769 814 1853 contendas,
841 1769 870 1833 si
896 1769 1006 1834 minus
1034 1776 1127 1837 antea

79 1879 96 1926 s
116 1867 267 1947 expertus
295 1886 343 1947 es,
369 1864 445 1927 licet
471 1886 556 1928 nunc
579 1885 760 1949 cognoscas.
805 1865 900 1950 Elige
923 1888 964 1930 ex
986 1869 1056 1933 tuis
1078 1891 1126 1936 co·

114 1960 241 2024 hortem
263 1982 374 2044 unam,
402 1982 498 2044 quam
520 1965 615 2045 putas
637 1984 707 2027 esse
733 1962 966 2047 firmissimam
993 1968 1029 2030 et
1055 1987 1127 2031 eon·

114 2057 213 2121 stitne
236 2059 348 2120 contra
368 2079 433 2142 me3
461 2078 520 2142 ego
543 2063 651 2125 autem
674 2081 714 2123 ex
735 2059 816 2123 meis
840 2059 1128 2149 commilitonibus,

32 2194 37 2204 ι
114 2175 195 2238 quos
226 2174 312 2218 nunc
343 2153 378 2218 in
409 2158 465 2220 tua
496 2159 586 2221 tenes
619 2159 792 2240 potestate,
827 2176 893 2219 non
929 2157 1073 2242 amplius
1103 2179 1128 2225 x

114 2273 247 2316 sumam.
292 2249 382 2316 Tunc
409 2274 450 2316 ex
475 2252 596 2318 virtute
622 2256 734 2318 nostra
758 2251 942 2338 intelleges,
974 2255 1057 2338 quid
1088 2280 1129 2323 ex

113 2350 179 2413 tuis
203 2348 304 2433 copiis
327 2371 455 2433 sperare
479 2349 614 2414 debeas?

79 2461 94 2510 1
178 2444 358 2510 XXXXVI.
394 2444 571 2531 Postquam
588 2446 667 2511 haec
681 2446 825 2511 centurio
837 2449 1001 2530 praesenti
1015 2452 1128 2517 animo

113 2544 264 2609 adversus
282 2542 467 2627 opinionem
485 2544 554 2608 eius
573 2547 623 2608 est
640 2542 777 2628 locutae,
795 2543 844 2607 ira
859 2545 1001 2627 percitus
1015 2544 1128 2632 Scipio

113 2645 209 2725 atque
232 2639 331 2703 animi
350 2639 459 2704 dolore
476 2640 625 2703 incensus
644 2640 757 2704 annuit
776 2641 1025 2727 centurionibus,
1048 2645 1129 2729 quid

112 2737 183 2800 fieri
208 2736 319 2820 vellet,
351 2740 448 2820 atque
481 2740 556 2800 ante
586 2736 683 2820 pedes
715 2736 934 2802 centurionem
962 2737 1129 2807 interfecit

79 2847 95 2895 2
113 2833 317 2917 reliquosque
339 2834 508 2898 veteranos
531 2856 550 2897 a
571 2832 731 2897 tironibus
753 2833 843 2898 iubet
870 2834 1001 2899 secerni.
1048 2836 1128 2905 ‘Ab-

115 2929 219 2993 ducite
247 2929 348 3012 istos',
377 2929 496 3014 inquit,
524 2930 658 2994 ‘nefario
685 2929 803 2995 scelere
830 2932 1068 2999 contaminatos
1096 2939 1129 3001 et

114 3025 208 3091 caede
240 3026 357 3091 civium
388 3027 572 3111 saginatos?
628 3025 681 3092 Sic
717 3031 808 3092 extra
842 3028 963 3093 vallum
996 3029 1130 3098 deducti

78 3126 190 3188 3snnt
217 3125 250 3186 et
277 3122 493 3187 cruciabiliter
519 3123 689 3188 interfecti.
739 3123 873 3189 Tirones
900 3129 1009 3191 autem
1035 3128 1130 3195 iubet

113 3220 198 3283 inter
223 3217 367 3302 legiones
395 3219 557 3304 dispertiri
584 3226 617 3285 et
644 3219 826 3285 Cominium
853 3244 925 3287 cum
952 3222 1067 3290 Ticida
1094 3228 1129 3292 in

78 3331 96 3378 4
115 3319 320 3400 conspectum
342 3315 611 3401 suumprohibet
633 3318 755 3382 adduci.
796 3317 867 3394 Qua
889 3341 928 3383 ex
950 3341 985 3384 re
1009 3319 1130 3388 Caesar

114 3416 295 3476 commotus
319 3434 382 3497 eos,
406 3435 486 3497 quos
509 3415 543 3478 in
562 3415 755 3479 stationibus
774 3437 846 3480 cum
863 3416 971 3502 longis
988 3420 1129 3487 navibus

113 3509 199 3593 apud
222 3508 387 3593 Thapsum
415 3511 576 3575 custodiae
605 3532 699 3605 causa
725 3512 760 3577 in
787 3511 854 3577 salo
883 3535 952 3578 esse
979 3514 1130 3605 iusserat,
