2414 3968
381 213 458 270 CAP.
472 213 742 272 LXXIII-LXXVI.
1026 217 1068 281 47

59 361 265 442 praeruptam
291 357 409 423 vallem
442 360 555 443 coepit.
602 359 699 425 Cuius
731 360 926 446 aliquamdiu
954 360 1106 427 Caesare

59 455 221 519 inridebat
252 455 380 519 inanem
410 457 659 521 ostentationem
692 462 724 522 et
756 480 793 523 eo
824 458 896 523 loco
927 458 1069 523 militum

59 552 300 636 coartationem,
324 575 419 636 quem
441 553 476 616 in
499 553 606 619 locum
629 577 723 620 nemo
742 577 839 620 sanus
861 555 966 619 hostis
984 554 1069 619 subi-

59 653 153 713 turus
172 651 270 712 esset:
293 670 366 713 cum
389 649 519 713 interim
537 650 718 717 Pharnaces
737 653 848 717 eodem
872 652 982 737 gradu,
1005 673 1068 735 quo

60 747 94 810 in
117 749 323 829 praeruptam
347 746 553 811 descenderat
575 747 700 833 vallem,
726 749 895 815 ascendere
918 749 1069 813 adversus

61 844 197 908 arduum
220 842 334 907 collem
357 844 524 908 instructis
547 844 648 927 copiis
672 847 784 930 coepit.

128 938 256 1005 LXXV.
298 938 414 1005 Caesar
441 940 621 1005 incredibili
644 942 713 1006 eius
735 943 787 1007 vel
813 943 994 1008 temeritate
1017 941 1102 1006 vell

60 1038 178 1102 fiducia
201 1041 381 1102 commotus
403 1059 507 1121 neque
526 1039 659 1122 opinans
682 1040 922 1124 imparatusque
942 1061 1068 1123 oppres-

51 1157 116 1200 ‘sus
139 1134 251 1199 eodem
273 1138 418 1218 tempore
440 1133 560 1198 milites
580 1134 619 1199 ab
639 1157 734 1219 opere
755 1142 891 1221 revocat,
914 1158 1003 1201 arma
1021 1158 1069 1200 ca·

60 1255 135 1317 pere
159 1232 263 1316 iubet,
289 1231 433 1316 legiones
457 1232 591 1315 opponit
618 1233 780 1316 aciemque
804 1235 948 1319 instruit3
978 1233 1069 1298 cuius

60 1330 107 1394 rei
130 1329 238 1393 subita
260 1328 433 1412 trepidatio
455 1349 609 1412 magnum
629 1333 784 1393 terrorem
808 1330 918 1394 attulit
940 1330 1068 1394 nostris.
1121 1350 1125 1358 ’

60 1427 214 1495 Nondum
233 1425 400 1491 ordinibus
423 1426 590 1490 instructis
612 1425 746 1490 falcatae
768 1427 875 1512 regiae
895 1427 1068 1510 quadrigae
1087 1443 1104 1490 a

60 1525 239 1610 permixtos
270 1522 391 1588 milites
427 1522 635 1608 perturbant3
672 1545 753 1608 quae
784 1527 893 1588 tamen
924 1522 1069 1587 celeriter

61 1621 268 1687 multitudine
282 1620 421 1684 telorum
436 1620 668 1703 opprimuntur.
705 1618 891 1704 Insequitur
907 1620 966 1684 has
985 1620 1068 1683 acies
1087 1636 1104 1683 3

60 1719 218 1801 hostium,
246 1722 278 1781 et
301 1716 440 1783 clamore
463 1717 590 1781 sublato
614 1717 799 1802 confligitur
820 1717 959 1782 multum
983 1717 1069 1781 adiu·

60 1821 156 1881 vante
179 1818 295 1879 natura
316 1814 389 1899 loci,
410 1813 585 1898 plurimum
609 1814 741 1879 deorum
764 1814 995 1879 immortalium
1017 1815 1069 1879 be·

61 1913 233 1997 nignitate3
257 1911 408 1995 quicum
432 1911 580 1975 omnibus
604 1912 731 1976 casibus
753 1911 878 1976 bellicis
901 1912 1071 1995 intersunt,

61 2013 132 2073 tum
155 2008 324 2091 praecipue
343 2007 400 2091 eis,
422 2007 539 2090 quibus
557 2007 641 2072 nihil
658 2010 784 2075 ratione
806 2009 915 2093 potuit
937 2009 1069 2073 admini-

63 2104 167 2169 strari.

129 2198 274 2265 LXXVI.
301 2197 421 2284 Magno
440 2203 536 2283 atque
559 2201 624 2264 acri
646 2200 769 2284 proelio
787 2202 966 2266 comminus
984 2201 1069 2265 facto
1089 2217 1103 2265 1

63 2300 176 2364 dextro
200 2317 312 2380 cornu,
336 2316 399 2380 quo
417 2299 569 2360 veterana
590 2296 676 2381 legio
700 2300 791 2360 sexta
814 2301 883 2361 erat
906 2296 1069 2381 collocata

62 2395 193 2461 initium
210 2392 364 2458 victoriae
386 2396 498 2457 natum
517 2396 574 2458 est.
619 2391 671 2457 Ab
691 2415 728 2457 ea
745 2397 837 2476 parte
856 2415 928 2458 cum
947 2394 982 2457 in
999 2415 1070 2476 pro·

62 2492 139 2558 clivi
170 2489 415 2554 detruderentur
440 2487 564 2573 hostes,
593 2491 697 2554 multo
720 2490 857 2574 tardius,
885 2490 941 2554 sed
963 2494 1071 2554 tamen

63 2589 183 2655 eisdem
206 2586 269 2650 diis
292 2585 518 2650 adiuvantibus
541 2587 672 2652 sinistro
692 2609 791 2651 comu
812 2587 980 2670 mediaque
1005 2587 1070 2651 acie

62 2690 150 2751 totae
186 2683 399 2768 profligantur
431 2684 540 2767 copiae
571 2684 665 2769 regis.
725 2683 812 2760 Quae
846 2706 941 2768 quam
977 2683 1105 2748 faciles

63 2783 228 2848 subierant
254 2781 401 2865 iniquum
424 2779 545 2863 locum,
572 2784 640 2845 tam
663 2779 808 2845 celeriter
836 2780 938 2865 gradu
959 2779 1070 2863 pulsae

62 2878 289 2963 premebantur
315 2876 380 2942 loci
407 2877 587 2961 iniquitate.
633 2876 747 2961 Itaque
774 2877 887 2941 multis
911 2876 1070 2942 militibus

62 2975 181 3059 partim
204 2974 381 3039 interfectis
404 2974 522 3057 partim
546 2995 678 3038 suorum
701 2974 794 3038 ruina
817 2973 992 3058 oppressis,
1015 2974 1072 3058 qui
1117 3006 1118 3010 =

63 3071 232 3136 velocitate
251 3072 391 3157 effugere
413 3075 572 3155 poterant,
594 3072 691 3135 armis
710 3075 818 3135 tamen
836 3070 988 3153 proiectis
1006 3071 1070 3134 val-

63 3169 128 3233 lem
147 3169 339 3253 transgressi
356 3167 439 3233 nihil
457 3190 496 3232 ex
514 3166 586 3232 loco
605 3168 770 3252 superiore
788 3167 903 3232 inermi
916 3167 1071 3250 proficere

63 3268 220 3349 poterant.
252 3263 298 3329 At
315 3266 418 3330 nostri
432 3265 568 3329 victoria
586 3265 662 3329 elati
676 3264 784 3330 subire
798 3264 945 3348 iniquum
963 3263 1070 3329 locum
1089 3279 1106 3326 3

64 3361 325 3446 munitionesque
347 3361 479 3448 adgredi
502 3384 567 3426 non
590 3362 785 3426 dubitarunt.
818 3360 1070 3425 Defendentibus

64 3464 172 3523 autem
196 3458 235 3522 iis
259 3458 445 3524 cohortibus
469 3462 582 3542 castra,
607 3480 686 3542 quas
708 3457 889 3542 Pharnaces
911 3456 1070 3541 praesidio

63 3555 245 3639 reliquerat,
269 3554 412 3619 celeriter
430 3555 544 3620 castris
566 3554 711 3620 hostium
735 3559 811 3619 sunt
832 3554 938 3638 potiti.
970 3551 1070 3616 Inter·
1088 3567 1106 3615 4
