2414 3968
48 180 51 185 ’
112 197 155 262 38
380 193 529 249 naccon
547 192 851 247 manaucandum

112 345 273 424 caturque,
296 361 336 403 ne
352 338 464 403 hostili
480 338 618 402 adventu
633 336 814 402 Cordubam
833 337 1024 422 diriperent:
1046 358 1117 401 nam

113 461 147 503 se
178 441 290 502 contra
317 435 462 500 Cassium
494 434 674 499 consentire
706 454 779 497 cum
809 434 973 517 omnibus,
1010 437 1118 497 contra

113 533 277 598 Caesarem
301 556 341 597 ne
363 534 466 598 facere
480 536 678 617 cogerentur,
702 552 800 595 orare.

79 650 94 697 1
177 629 311 695 LVIIII.
348 629 469 694 Tantae
497 628 716 693 multitudinis
743 628 891 712 precibus
920 631 954 692 et
980 627 1118 692 lacrimis

113 728 271 792 exercitus
299 729 478 791 commotus
511 747 583 789 cum
615 726 738 790 videret
774 725 814 789 ad
842 723 990 790 Cassium
1019 746 1119 809 perse

114 825 274 907 quendum
301 822 384 887 nihil
411 843 492 906 opus
516 844 584 886 esse
609 821 664 886 Cn.
686 822 821 906 Pompei
850 823 982 887 nomino
1006 826 1040 886 et
1061 843 1119 885 me

112 923 216 986 moria
242 927 372 1003 tamque
401 920 550 984 omnibus
574 919 772 985 Caesarianis
800 940 896 1003 quam
916 917 1120 1003 Pompeianis

113 1018 296 1102 Longinum
320 1038 388 1081 esse
411 1018 444 1080 in
463 1017 536 1080 odio
559 1038 662 1101 neque
685 1039 720 1081 se
742 1020 936 1081 conventum
956 1037 1064 1100 neque
1081 1012 1120 1078 M.

114 1114 302 1179 Marcellum
335 1117 446 1178 contra
478 1111 622 1177 Caesaris
654 1134 781 1177 causam
815 1133 909 1195 posse
941 1112 1121 1196 perducere,

115 1233 231 1275 nomen
253 1211 386 1296 Pompei
410 1211 571 1275 exacutis
595 1210 815 1292 detraxerunt,
841 1207 1047 1293 Marcellum,
1070 1207 1121 1292 qui

116 1330 150 1372 se
178 1306 321 1373 Caesaris
354 1330 482 1373 causam
515 1308 720 1374 defensurum
751 1305 979 1389 profitebatur,
1013 1305 1121 1370 ducem

116 1406 319 1470 adsciverunt
354 1410 597 1490 praetoremque
634 1403 836 1489 appellarunt
867 1404 899 1465 et
930 1406 1122 1466 conventum

116 1504 178 1568 sibi
210 1504 425 1567 adiunxerant
457 1506 623 1586 castraque
655 1501 695 1565 ad
728 1498 908 1564 Cordubam
937 1503 1121 1582 posuerunt.

81 1618 97 1666 2
116 1599 246 1664 Cassius
269 1621 306 1664 eo
329 1600 427 1663 biduo
452 1600 578 1663 circiter
595 1616 632 1662 1v
655 1597 745 1662 milia
770 1617 923 1680 passuum
943 1593 1122 1660 aCorduba

117 1698 197 1760 citra
218 1697 338 1759 fiumen
360 1694 486 1759 Baetim
514 1695 548 1758 in
572 1695 681 1778 oppidi
705 1695 877 1777 conspectu
901 1691 975 1757 loco
998 1693 1122 1758 excelso

117 1793 195 1856 facit
222 1795 338 1874 castra3
367 1790 493 1855 litteras
521 1790 560 1853 ad
590 1811 698 1875 regem
719 1788 885 1874 Bogudem
908 1788 942 1852 in
965 1788 1122 1855 Maureta·

117 1889 204 1953 niam
236 1891 268 1951 et
299 1887 339 1950 ad
367 1886 410 1950 M.
433 1886 591 1971 Lepidum
622 1887 845 1970 proconsulem
872 1886 906 1949 in
932 1884 1123 1970 Hispaniam

119 1985 298 2049 citeriorem
320 1983 436 2067 mittit,
460 1984 602 2047 subsidio
626 1985 688 2048 sibi
711 1983 956 2069 provinciaeque
980 1981 1123 2050 Caesaris

119 2103 214 2146 causa
236 2102 332 2164 quam
359 2080 500 2163 primum
523 2080 654 2145 veniret.
699 2079 773 2164 Ipse
794 2078 907 2143 hostili
929 2079 1028 2145 modo
1053 2081 1123 2146 Cor·

120 2177 309 2243 dubensium
332 2198 427 2262 agros
449 2181 563 2261 vastat,
587 2177 731 2242 aedificia
752 2176 901 2241 incendit.

84 2293 98 2342 1
183 2274 250 2339 LX.
283 2273 381 2339 Cuius
405 2274 451 2339 rei
476 2273 678 2338 deformitate
697 2277 793 2358 atque
811 2272 1005 2357 indignitate
1027 2273 1123 2360 legio·

118 2395 183 2457 nes,
207 2394 288 2456 quae
302 2370 490 2436 Marcellum
510 2371 572 2434 sibi
595 2371 707 2435 ducem
726 2373 884 2454 ceperant,
902 2369 943 2433 ad
961 2393 1037 2435 eum
1056 2393 1123 2436 aon·

119 2472 299 2552 currerunt,
331 2472 368 2531 ut
394 2468 429 2530 in
457 2467 557 2531 aciem
581 2467 802 2550 educerentur,
834 2469 940 2550 orant,
971 2467 1124 2552 priusque

119 2564 312 2650 confligendi
339 2564 402 2627 sibi
429 2567 572 2647 potestas
595 2564 699 2646 fieret,
725 2584 821 2646 quam
844 2584 918 2626 oum
940 2565 1034 2628 tanta
1055 2586 1125 2630 con·

120 2662 253 2728 tumelia
279 2659 499 2723 nobilissimae
522 2660 780 2744 clarissimaeque
802 2660 1022 2744 possessiones
1053 2660 1125 2727 Cor·

121 2757 312 2824 dubensium
334 2756 369 2819 in
392 2759 564 2839 conspectu
588 2779 645 2822 suo
668 2757 803 2842 rapinis,
826 2756 911 2821 ferro
933 2757 1126 2844 flammaque

85 2872 101 2920 2
121 2856 390 2920 consumerentur.
427 2852 598 2918 Marcellus
621 2876 693 2919 cum
717 2853 888 2938 confligere
909 2854 1127 2920 miserrimum

120 2954 257 3036 putaret,
280 2949 365 3033 quod
388 2954 420 3015 et
442 2950 573 3015 victoris
593 2955 625 3015 et
642 2951 720 3016 victi
743 2950 971 3014 detrimentum
995 2951 1037 3015 ad
1054 2973 1128 3016 eun·

121 3050 193 3113 dem
216 3046 382 3112 Caesarem
410 3051 494 3112 esset
515 3048 780 3130 redundaturum,
807 3067 911 3131 neque
938 3068 1016 3112 suae
1040 3053 1128 3134 pote

121 3145 214 3210 statis
223 3145 247 3228 †
256 3147 348 3228 esset,
366 3145 509 3229 legiones
522 3145 649 3210 Baetim
658 3144 800 3209 traducit
809 3144 973 3227 aciemque
986 3144 1130 3212 instruit

85 3258 102 3305 3
122 3240 202 3306 Cum
221 3239 366 3304 Cassium
386 3246 498 3307 contra
519 3265 579 3327 pro
598 3243 665 3306 suis
684 3240 798 3307 castris
818 3241 918 3306 aciem
936 3240 1131 3308 instruxisse

120 3338 191 3402 loco
219 3338 382 3422 superiore
400 3339 545 3423 rideret,
573 3361 669 3404 causa
695 3338 900 3421 interposita,
930 3339 1018 3421 quod
1045 3340 1077 3405 is
1100 3341 1133 3406 in

121 3456 258 3519 aequum
285 3456 350 3498 non
374 3436 590 3518 descenderet,
619 3434 791 3500 Marcellus
819 3433 979 3500 militibus
1002 3458 1135 3521 persua·

122 3531 187 3614 det,
210 3536 248 3595 ut
270 3553 304 3595 se
327 3531 482 3615 recipiant
504 3533 538 3595 in
562 3535 673 3596 castra.
720 3531 833 3615 Itaque
852 3533 962 3617 copias
980 3533 1138 3600 reducere
