2414 3968
393 239 468 292 CAP.
488 239 735 294 XXVlH-XXXl.
1026 241 1066 303 21

56 382 145 446 ximo
166 383 238 448 vieo
261 404 329 447 non
353 382 450 468 longe
470 383 574 448 esuis
599 382 712 449 eastris
735 383 895 448 munierat
916 383 1068 448 brachiis-

57 500 120 562 que
148 501 221 544 eum
249 501 344 564 opere
373 484 552 545 castrorum
580 481 790 545 coniunxerat
810 481 874 546 vici
903 480 1069 546 obtinendi

56 597 162 659 eausa,
186 575 302 641 Caesar
325 576 495 661 adgressus
515 577 666 641 omnibus
690 578 790 661 copiis
809 581 981 662 expugnat,
1003 599 1069 641 non

57 694 122 756 quo
144 673 178 737 id
200 674 325 739 minore
344 696 477 740 numero
496 674 640 739 militum
660 675 811 758 consequi
832 674 962 739 difficile
980 674 1067 739 fautu

55 773 194 854 putaret,
217 771 273 835 sed
294 774 332 835 ut
355 772 395 837 ab
419 794 456 836 ea
478 771 616 836 viatoria
637 772 818 856 perterritis
841 770 1067 837 Alexandrinis

55 868 205 951 protinus
224 872 329 934 eastra
346 869 433 955 regis
452 873 662 954 oppugnaret.
701 867 815 952 Itaque
834 869 944 933 eodem
963 891 1066 952 eursu,
1085 887 1102 934 4

56 986 122 1048 quo
140 965 335 1050 refugientes
349 963 587 1031 Alexandrinos
607 989 647 1031 ex
665 966 796 1031 castello
815 966 850 1030 in
869 970 974 1031 eastra
992 969 1068 1031 sunt

56 1061 179 1126 milites
208 1063 359 1146 insecuti,
390 1063 626 1127 munitionibus
654 1068 876 1128 successerunt
903 1063 1066 1128 acerrime-

57 1180 120 1242 que
142 1159 266 1223 eminus
293 1159 446 1244 proeliari
470 1165 652 1243 coeperunt.
697 1160 831 1224 Duabus
855 1183 894 1224 ex
919 1160 1101 1243 partibust

57 1255 164 1320 aditus
190 1256 442 1341 oppugnationis
469 1257 588 1321 nostris
618 1256 768 1320 dabatur:
800 1277 877 1339 una,
910 1277 1006 1339 quam
1028 1255 1065 1319 li·

57 1353 170 1416 berum
189 1375 351 1418 aeeessum
373 1353 491 1418 habere
510 1353 741 1436 demonstravi,
764 1352 877 1434 altera,
901 1374 982 1436 quae
1000 1375 1063 1416 me·

58 1448 165 1513 dioore
187 1449 392 1514 intervallum
414 1451 499 1514 inter
518 1454 623 1514 eastra
644 1454 676 1514 et
698 1450 818 1513 flumen
835 1448 949 1515 Nilum
971 1448 1065 1513 habe-

58 1546 122 1610 bat.
158 1545 300 1611 Maxima
318 1550 351 1611 et
369 1547 564 1612 electissima
580 1546 754 1610 multitudo
773 1543 1067 1610 Alexandrinorum
1085 1556 1100 1603 6

59 1643 247 1708 defendebat
274 1666 344 1709 eam
371 1649 509 1729 partem,
540 1666 621 1728 quae
648 1643 838 1708 facillimum
867 1643 990 1707 aditum
1011 1641 1066 1705 ha·

57 1740 168 1824 bebat3
196 1739 373 1823 plurimum
395 1741 606 1824 proficiebant
627 1741 662 1804 in
684 1741 876 1824 repellendis
899 1739 1069 1814 vulnerans

59 1838 172 1922 disque
202 1838 336 1921 nostris,
369 1839 424 1922 qui
453 1838 584 1921 regione
613 1837 755 1902 fluminis
784 1837 855 1904 Nili
884 1858 1065 1922 propugna-

58 1936 150 1998 bant:
173 1933 308 1997 diversis
332 1935 417 1998 enim
440 1933 513 2025 telis
535 1935 639 1997 nostri
661 1935 852 2022 figebantur,
876 1934 1001 1999 adversi
1025 1956 1066 1997 ex

59 2029 145 2094 vallo
167 2033 358 2113 castrorum,
381 2031 485 2093 aversi
507 2051 547 2092 ex
564 2030 704 2112 flumine,
727 2030 761 2094 in
785 2053 848 2115 quo
872 2030 993 2096 multae
1012 2054 1066 2094 na·

44 2122 116 2191 ‘ves
144 2125 320 2190 instructae
345 2125 563 2190 funditoribus
591 2129 624 2189 et
646 2126 825 2210 sagittariis
852 2132 980 2192 nostros
1009 2128 1066 2192 im·

60 2221 256 2307 pugnabant.

126 2317 244 2383 XXXI.
281 2318 397 2384 Caesar
423 2340 497 2383 eum
519 2317 643 2383 videret
670 2319 790 2385 milites
819 2323 923 2385 aerius
950 2321 1100 2404 proeli-1

62 2418 109 2481 ari
144 2438 209 2481 non
245 2439 339 2501 posse
375 2438 434 2481 neo
473 2420 580 2480 tamen
615 2415 755 2480 multum
790 2417 903 2501 profici
935 2421 1067 2501 propter
1156 2437 1160 2447 ‘

59 2515 204 2578 locorum
228 2512 464 2597 difficultatem,
492 2534 627 2595 eumque
651 2513 792 2577 animum
816 2514 995 2578 adverteret
1017 2537 1068 2577 ex-

61 2610 273 2675 celsissimum
291 2609 398 2675 loeum
417 2613 595 2674 castrorum
617 2611 765 2676 relietum
784 2633 852 2675 esse
872 2611 911 2674 ab
930 2611 1067 2675 Alexan·

61 2708 172 2792 drinis‚
195 2708 280 2792 quod
303 2710 335 2772 et
356 2729 414 2790 per
437 2729 471 2770 se
493 2708 637 2773 munitus
657 2710 741 2771 esset
764 2712 796 2772 et
819 2708 927 2772 studio
950 2709 1068 2792 partim

60 2803 225 2888 pugnandi
252 2803 372 2888 partim
399 2804 565 2886 spectandi
589 2804 844 2869 decucurrissent
866 2805 900 2868 in
923 2827 997 2868 eum
1023 2805 1068 2870 lo-

62 2923 149 2984 cum,
181 2901 215 2964 in
243 2922 307 2986 quo
334 2901 554 2985 pugnabatur,
585 2901 731 2966 cobortes
759 2920 799 2966 111
827 2903 993 2967 eiroumire
1021 2926 1068 2967 ee·

62 3001 185 3062 straet
211 3019 374 3062 summum
395 2996 503 3062 looum
527 2998 657 3082 adgredi
684 2999 780 3063 iussit
802 3000 904 3084 iisque
929 2998 1067 3064 Carfule-

62 3114 140 3176 num
166 3094 332 3180 praefeeit‚
362 3098 395 3159 et
422 3094 521 3158 animi
547 3094 770 3180 magnitudine
794 3099 826 3159 et
848 3096 895 3160 rei
917 3094 1068 3159 militaris

63 3189 196 3255 seientia
217 3191 323 3254 virum
344 3194 570 3274 praestantem.
608 3190 678 3267 Quo
702 3195 740 3254 ut
757 3196 888 3256 ventum
912 3198 969 3275 est,
992 3211 1102 3275 pau-2

63 3287 109 3352 eis
128 3285 370 3353 defendentibus
389 3289 619 3372 munitionem,
641 3288 762 3353 nostris
781 3294 891 3355 eontra
909 3289 1067 3354 militibus

62 3384 215 3449 acerrime
237 3386 466 3470 pugnantibus,
490 3386 614 3450 diverso
638 3384 776 3450 elamore
800 3389 832 3449 et
854 3386 976 3470 proelib
999 3409 1067 3470 per·

61 3481 168 3546 territi
185 3477 395 3572 Alexandrini
418 3473 614 3566 trepidantes
633 3483 667 3546 in
687 3504 798 3546 omnes
820 3487 928 3566 partes
952 3488 1074 3560 castro·¹
1130 3553 1131 3557 η
1175 3537 1176 3542 ,

61 3600 134 3643 rum
158 3576 335 3641 discurrere
358 3575 538 3662 eoeperunt.
585 3578 728 3656 Quorum
751 3579 991 3663 perturbatione
1014 3601 1068 3643 no·
1087 3596 1103 3644 3
