2414 3968
178 179 237 234 VH.
265 178 379 234 LEGES
399 175 742 232 SENATUSCONSULTI
758 176 935 232 DEORETA.
1008 177 1072 242 201

134 328 160 377 6.
194 324 271 378 Γάιος
291 324 388 389 Καῑςαρ
407 321 590 389 αὐτοκράτωρ
608 319 745 389 δικτάτωρ
766 321 800 374 τὸ
819 321 950 390 δεύτερον
970 317 1074 390 (τέταρ-
1089 335 1130 376 ιω

60 396 140 465 τινί)
161 396 271 462 έςτηςεν
290 395 355 448 κατ’
374 394 502 447 ἐνιαυτόν
520 393 597 446 όπως
614 396 727 447 τελῷςιν
745 393 815 460 ύπέρ
833 397 884 459 τῆς
903 394 1076 461 Ἰεροςολυμι-

10 516 13 521 ,
61 473 120 522 τῷν
142 467 252 520 πόλεως
275 466 382 532 Ἰόππης
405 464 640 531 ὑπεξαιρουμένης
661 466 745 531 χωρίς
767 468 818 516 τοῦ
842 465 962 531 ἑβδόμου
986 465 1075 533 ἔτους,

61 540 95 592 δν
114 537 277 603 ςαββατικόν
295 536 425 590 ἐνιαυτόν
442 536 701 603 προςαγορεύουςιν,
721 535 780 589 ἐπεί
793 535 824 588 ἐν
839 537 916 606 αύτῷ
936 536 1005 604 μήτε
1022 536 1074 591 τόν

61 610 117 664 άπὸ
135 613 194 662 τῷν
213 608 337 674 δένδρων
356 607 464 674 καρπόν
482 606 666 672 λαμβάνουςιν
685 607 754 673 μήτε
773 605 934 673 ςπείρουςιν.
966 609 1011 661 καὶ
1029 607 1076 661 ἵνα
1090 622 1130 662 ιω

60 683 92 735 ἐν
112 681 211 734 (ιδῷνι
233 685 275 748 τῷ
295 679 416 747 δευτέρῳ
440 679 495 731 ἔτει
516 677 568 732 τὸν
587 678 678 744 φόρον
702 678 868 732 ἀποδιδῷςιν
886 679 920 732 τὸ
939 679 1075 746 τέταρτον

60 757 121 806 τῷν
140 751 333 817 ςπειρομένων,
351 750 423 816 πρὸς
439 750 552 803 τούτοις
569 750 611 802 ἔτι
629 750 674 802 καὶ
694 750 820 818 Ὑρκανῷ
839 751 884 803 καί
897 756 957 804 τοῖς
969 751 1077 804 τέκνοις

61 825 151 877 αύτοῠ
170 822 220 875 τάς
234 821 351 874 δεκάτας
363 823 484 887 τελῷςιν,
504 820 537 874 ἃς
550 819 664 874 ἐτέλουν
678 822 723 873 καί
736 826 796 874 τοῖς
808 821 958 888 προγόνοις
972 822 1075 875 αύτῷν.

61 896 107 948 καί
130 894 208 947 όπως
230 893 325 959 μηδείς
347 892 417 959 μήτε
444 893 538 959 ἄρχων
562 891 632 959 μήτε
659 891 806 958 ἀντάρχων
829 892 899 960 μήτε
922 893 1075 960 ςτρατηγδς
1089 906 1130 948 ιω

60 968 79 1032 ἢ
99 965 267 1032 πρεςβευτὴς
284 962 315 1016 ἐν
333 968 391 1016 τοῖς
409 964 485 1029 ὅροις
502 968 568 1031 τῷη
579 961 720 1016 Ἰουδαίων
738 963 847 1017 άνιςτάς
866 962 1017 1030 ςυμμαχίαν
1032 967 1077 1018 καί

60 1036 233 1103 ςτρατιωτας
256 1035 302 1102 ἐξῇ
325 1035 419 1103 τούτῳ
438 1034 566 1100 χρήματα
589 1033 829 1102 εἰςπράττεςθαιῆ
854 1033 892 1088 εἰς
909 1051 1076 1102 παραχειμα-

61 1107 122 1161 ςίαν
140 1109 158 1174 ἢ
179 1107 253 1174 ἄλλῷ
272 1107 325 1158 τινί
344 1105 468 1171 ὀνόματι,
488 1105 548 1158 ἀλλ’
566 1105 636 1158 είναι
652 1106 829 1171 πανταχόθεν
848 1106 1076 1172 άνεπηρεάςτους.

62 1180 113 1232 δςα
132 1193 164 1231 τε
182 1177 252 1242 μετὰ
270 1180 360 1229 ταῦτα
378 1176 457 1241 έςχον
475 1178 492 1243 ἢ
512 1175 643 1243 ἐπρίαντο
658 1178 702 1229 καί
721 1177 898 1243 διακατέςχον
917 1180 961 1231 καί
980 1179 1076 1245 ἐνεμὴ-
1090 1189 1131 1233 ιω

61 1255 158 1317 θηςαν,
185 1252 276 1301 ταῦτα
302 1247 395 1300 πάντα
422 1248 525 1301 αὐτούς
547 1248 627 1313 ἔχειν.
665 1247 776 1314 Ἰόππην
798 1263 829 1301 τε
850 1248 944 1316 πόλιν,
967 1249 1003 1315 ἢν
1026 1249 1078 1302 ἀπ’

61 1322 150 1388 άρχῆς
172 1320 252 1385 έςχον,
275 1317 302 1371 οἱ
326 1319 450 1372 Ἰουδαῖοι
468 1319 630 1382 ποιούμενοι
647 1321 701 1385 την
723 1319 793 1385 πρὸς
812 1319 964 1385 Ῥωμαίους
982 1319 1077 1386 φιλίαν

62 1393 159 1446 αὐτων
182 1390 265 1457 εἶναι,
289 1390 382 1443 καθὼς
404 1391 449 1443 καί
471 1389 505 1442 τό
528 1393 654 1457 πρῶτον,
678 1392 743 1456 ἡμῖν
771 1391 888 1458 άρέςκει,
912 1390 1020 1457 φόρους
1046 1408 1078 1445 τε
1092 1406 1131 1446 ιω

60 1464 131 1529 ὑπὲρ
154 1462 260 1528 ταύτης
282 1464 333 1526 τῆς
351 1461 458 1514 πόλεως
478 1462 613 1527 Ὑρκανόν
633 1462 813 1529 Ἀλεξάνδρου
836 1461 898 1515 υίόν
916 1464 961 1515 καί
979 1463 1079 1516 παῖδας

60 1537 150 1589 αίιτοῠ
173 1533 248 1599 παρά
267 1536 326 1585 τῷν
353 1534 406 1598 τὴν
425 1535 480 1597 γῆν
502 1533 663 1598 νεμομένων
686 1534 779 1599 χώρας
797 1533 907 1598 λιμένος
924 1532 1077 1598 ἐξαγωγίου

61 1606 130 1660 κατ’
149 1604 277 1657 ἐνιαυτόν
296 1603 394 1656 (ιδῷνι
413 1601 526 1669 μοδίους
539 1603 694 1671 διςμυρίους
712 1598 868 1659 ἐξακοςίους
886 1605 1078 1670 ἑβδομήκοντα

60 1678 145 1730 πέντε
169 1674 404 1741 ὑπεξαιρουμένου
427 1679 478 1728 τού
498 1674 617 1741 ἑβδόμου
636 1676 729 1742 ἔτους,
752 1676 784 1729 ὃν
804 1677 965 1741 ςαββατικδν
984 1673 1077 1729 ἐνιαυ-

60 1746 113 1800 τόν
139 1748 275 1812 καλούςιν,
294 1746 359 1797 καθ’
377 1746 411 1798 ὃν
430 1747 495 1798 οὔτε
514 1747 625 1812 δροθςιν
644 1748 711 1801 οὔτε
727 1747 779 1800 τόν
802 1747 857 1800 άπὸ
876 1751 934 1800 τῷν
954 1747 1078 1813 δένδρων

61 1816 170 1884 καρπὸν
193 1815 386 1880 λαμβάνουςιν.
422 1817 473 1869 τάς
494 1833 526 1870 τε
548 1819 643 1884 κώμας
664 1819 715 1871 τάς
732 1817 763 1871 ἐν
781 1824 822 1887 τῷ
846 1818 956 1888 μεγάλῳ
981 1817 1078 1888 πεδίῳ,
1092 1833 1132 1873 ιοι

64 1889 99 1942 ἃς
119 1887 253 1953 Ὑρκανός
267 1887 311 1938 καὶ
325 1885 352 1938 οί
365 1886 499 1953 πρόγονοι
512 1888 650 1956 πρότερον
664 1889 752 1942 αὐτού
768 1889 954 1956 διακατέςχον,
973 1890 1078 1956 ἀρέςκει

61 1966 98 2028 τῇ
122 1957 265 2025 ςυγκλήτψ
288 1960 378 2009 ταῦτα
401 1958 537 2024 Ὑρκανόν
560 1961 605 2013 καί
628 1959 776 2013 ’Ἰουδαίους
798 1961 870 2026 ἔχειν
894 1961 937 2014 ἐπί
959 1967 1018 2014 τοῖς
1041 1962 1079 2014 δι-

65 2029 153 2085 καίοις
181 2027 223 2080 οίς
250 2028 295 2080 καί
321 2027 460 2094 πρότερον
487 2029 571 2095 είχον.
609 2031 698 2096 μένειν
726 2032 757 2084 δέ
783 2034 827 2084 καί
854 2032 889 2085 τά
917 2032 969 2085 ἀπ’
992 2032 1079 2098 ἀρχῆς
1093 2045 1133 2085 ιω

63 2101 168 2166 δίκαια,
193 2100 242 2153 δια
270 2097 341 2164 πρὸς
363 2099 499 2165 ἀλλήλους
518 2101 657 2155 Ἰουδαίοις
681 2103 726 2155 καί
753 2107 812 2154 τοῖς
838 2102 1005 2169 ἀρχιερεύςιν
1034 2103 1079 2155 καί

62 2173 178 2239 ίερεύςιν
203 2171 239 2236 ἢν
257 2169 293 2222 τά
315 2184 347 2223 τε
365 2170 561 2237 φιλάνθρωπα,
581 2173 631 2225 όςα
648 2188 680 2225 τε
698 2177 748 2226 τού
768 2173 857 2240 δήμου
883 2173 1079 2240 ψηφιςαμένου

63 2245 179 2308 καὶτῆς
197 2240 350 2306 ςυγκλήτου
369 2241 456 2307 έςχον.
490 2241 559 2314 [ἐπί]
578 2244 690 2298 τούτοις
706 2259 738 2298 τε
756 2249 815 2297 τοῖς
833 2243 946 2297 δικαίοις
964 2247 1080 2310 χρήςθαι

63 2317 160 2369 αὐτοῖς
186 2311 285 2366 ἐξεῖναι
312 2311 342 2364 ἐν
369 2312 513 2378 γΛύδδοις.
549 2315 615 2367 τούς
641 2330 673 2367 τε
700 2314 805 2368 τόπους
835 2317 880 2367 καί
912 2315 1007 2381 χώραν
1034 2316 1079 2367 καί
1094 2329 1133 2368 ιω

62 2385 183 2451 ἐποίκια,
208 2383 257 2436 όςα
277 2385 407 2447 βαςιλεθςι
430 2383 528 2450 (υρίας
545 2387 591 2439 καί
609 2385 739 2453 Φοινίκης
762 2386 911 2451 ςυμμάχοις
936 2386 995 2438 ούςι
1014 2386 1079 2438 Ῥω-

64 2457 154 2524 μαίων
186 2454 257 2507 κατά
284 2454 393 2520 δωρεάν
425 2455 531 2522 ὑπῆρχε
562 2461 744 2525 καρποθςθαι,
771 2461 861 2510 ταθτα
894 2456 1033 2521 δοκιμάζει
1060 2459 1078 2523 ἡ

62 2530 216 2595 ςύγκλητος
235 2525 371 2592 Ὑρκανόν
389 2525 440 2578 τόν
459 2527 598 2595 ἐθνάρχην
616 2530 661 2582 καί
681 2526 828 2582 ’Ἰουδαίους
846 2529 925 2593 ἔχειν.
953 2527 1079 2581 δεδόςθαι
1093 2541 1134 2580 νιν

62 2601 95 2654 δέ
115 2600 242 2667 Ὑρκανῷ
261 2597 307 2649 καί
324 2597 397 2649 παιςί
415 2602 473 2650 τοῖς
489 2600 577 2653 αύτοί)
592 2601 637 2653 καί
655 2602 830 2666 πρεςβευταῑς
843 2605 902 2652 τοῖς
920 2599 972 2651 ὑπ’
991 2600 1078 2652 αὐτοῦ

61 2674 225 2737 πεμφθείςιν
248 2668 279 2720 ἐν
302 2683 335 2721 τε
361 2673 456 2737 πυγμῇ
485 2670 652 2736 μονομάχων
680 2672 725 2724 καί
752 2670 858 2737 θηρίων
886 2670 1080 2734 καθεζομένοις

64 2742 134 2807 μετὰ
157 2747 215 2795 τῶν
239 2741 425 2806 ςυγκλητικῷν
448 2743 565 2808 θεωρεῖν
583 2741 802 2809 γαίτηςαμένους
822 2742 898 2808 παρὰ
917 2741 1081 2808 δικτάτορος

61 2815 82 2878 ἢ
102 2813 177 2879 παρὰ
195 2810 333 2877 ἱππάρχου
351 2812 499 2877 παρελθεῖν
519 2811 556 2866 είς
574 2815 627 2879 τὴν
645 2814 798 2880 ςύγκλητον
822 2811 962 2876 είςάγωςιν
981 2814 1026 2865 καί
1044 2812 1080 2866 τά

64 2882 240 2950 ἀποκρίματα
258 2883 353 2935 αὐτοῖς
371 2882 537 2938 ἀποδιδῷςιν
556 2885 586 2937 ἐν
605 2884 719 2951 ἡμέραις
732 2884 799 2937 δέκα
812 2889 873 2937 ταῖς
886 2883 1009 2950 άπάςαις,
1030 2884 1080 2950 ἀφ’

67 2953 102 3019 ης
120 2954 155 3007 ἂν
173 2955 206 3007 τό
225 2952 315 3018 δόγμα
334 2952 457 3020 γένηται.

346 3094 372 3130 α.
386 3093 415 3130 ιι.
429 3095 450 3133 ο.
469 3077 578 3134 DOOX
595 3082 666 3148 (44),
685 3083 703 3133 9
717 3078 799 3134 Febr.

138 3167 164 3219 7.
193 3166 271 3219 Γάιος
290 3167 388 3234 Καῑςαρ
407 3168 591 3236 αὐτοκράτωρ
610 3169 748 3236 δικτάτωρ
766 3169 800 3222 τὸ
818 3169 954 3235 τέταρτον
972 3169 1078 3223 ύπατός
1093 3181 1132 3221 ιιι

63 3256 97 3294 τε
115 3237 148 3290 τό
166 3237 292 3301 πέμπτον
315 3238 452 3306 δικτάτωρ
471 3240 700 3305 ἀποδεδειγμένος
719 3241 763 3293 διά
787 3239 846 3305 βίου
865 3240 966 3304 λόγους
984 3240 1076 3307 ἐποιή-

63 3325 132 3364 ςατο
150 3310 213 3374 περί
231 3313 289 3361 τῷν
304 3307 417 3362 δικαίων
430 3315 490 3364 τῷν
510 3312 646 3378 Ὑρκανοθ
661 3316 713 3364 τού
734 3311 913 3377 Ἀλεξάνδρου
928 3312 1077 3379 ἀρχιερέως

66 3378 206 3436 ’Ἰουδαίων
229 3380 274 3432 καὶ
297 3379 433 3445 ἐθνάρχου
456 3382 614 3436 τοιούτους·
640 3380 721 3453 [τῶν]
743 3382 799 3449 πρὸ
821 3383 890 3447 ἐμοῦ
909 3383 1079 3450 αὐτοκρατό-

63 3469 125 3520 ρων
148 3451 179 3503 ἐν
205 3455 266 3503 ταῖς
292 3449 433 3516 ἐπαρχίαις
455 3453 692 3521 μαρτυρηςάντων
716 3454 841 3522 Ὑρκανῷ
869 3454 988 3521 ἀρχιερεῖ
1016 3454 1079 3507 Ἰου-

63 3522 154 3578 δαίων
182 3523 227 3574 καί
255 3520 394 3574 Ἰουδαίοις
424 3516 469 3577 έπί
495 3540 526 3578 τε
554 3525 707 3592 ςυγκλήτου
736 3527 781 3578 καί
808 3525 897 3591 δήμου
927 3524 1078 3592 Ῥωμαίων,

63 3594 311 3661 εὐχαριςτήςαντος
333 3592 364 3645 δὲ
387 3595 431 3646 καὶ
453 3600 504 3648 τού
528 3596 618 3663 δήμου
647 3597 691 3648 καὶ
716 3599 767 3663 τῆς
793 3597 947 3663 ςυγκλήτου
976 3597 1078 3661 αὐτοῖς,

120 3690 144 3733 O.
158 3690 264 3733 IULIUS
281 3689 410 3732 CAESAR.
428 3691 474 3734 ΠΙ.
888 3687 922 3736 14
