2414 3968
412 214 488 284 oss.
507 216 741 295 xxva-xxxi.
1048 220 1091 284 65

85 357 172 421 niani
196 379 269 421 oum
293 356 438 423 Caesaris
461 360 624 444 equitibus
650 361 712 426 fide
737 362 811 425 data
833 362 918 426 inter
939 385 974 428 se
997 363 1092 428 collo-

83 454 274 538 quebantur.
306 454 467 521 Labienus
489 457 619 521 interim
642 479 714 522 cum
736 463 828 542 parte
851 460 1012 543 equitatus
1034 459 1127 525 Lea
1172 535 1175 542 .

82 551 167 635 ptim
186 552 348 637 oppidum,
372 553 424 617 cui
441 558 587 637 praeerat
601 552 737 619 Saserna
755 577 828 620 cum
847 555 1033 621 cohortibus
1047 573 1092 642 v1,

83 669 271 734 oppugnare
294 672 330 714 ac
348 649 381 715 vi
403 650 585 734 inrumpere
608 654 796 738 conabatur,
821 654 907 738 quod
924 655 964 718 ab
988 653 1092 717 defen-

83 745 212 809 soribus
240 750 371 829 propter
398 747 560 831 egregiam
587 750 799 815 munitionem
823 751 933 835 oppidi
955 755 988 815 et
1012 750 1092 814 mul-

83 841 518 909 titudinemtormentorum
544 844 638 910 facile
666 851 699 912 et
726 848 794 912 sine
821 848 964 932 periculo
989 848 1093 912 defen·

83 938 228 1004 debatur.
274 937 367 1016 Quod
391 940 447 1005 ubi
470 941 597 1025 saepius
620 943 689 1008 eius
712 946 874 1029 equitatus
901 945 1005 1010 facere
1027 961 1127 1009 nona

84 1036 334 1121 intermittebat,
371 1059 444 1102 cum
476 1039 560 1104 forte
593 1045 666 1105 ante
697 1045 825 1125 portam
857 1047 964 1106 turma
996 1041 1102 1119 densa,

85 1133 272 1218 adstitisset,
290 1134 457 1218 scorpione
477 1137 656 1201 accuratius
674 1138 773 1202 misso
793 1142 889 1222 atque
908 1160 1019 1204 eorum
1042 1139 1092 1202 do

84 1230 215 1296 curione
237 1252 387 1315 percusso
407 1236 440 1296 et
459 1232 500 1296 ad
518 1254 637 1318 equum
655 1234 769 1319 defixo,
791 1235 908 1318 reliqui
929 1236 1093 1319 perterriti

84 1326 163 1412 fuga
192 1350 226 1393 se
255 1328 289 1392 in
319 1332 424 1392 castra
452 1331 620 1414 recipiunt.
666 1329 737 1406 Quo
765 1330 851 1395 facto
878 1336 991 1414 postea
1017 1336 1094 1397 sunt

85 1425 231 1489 deterriti
254 1425 410 1510 oppidum
432 1429 598 1510 temptare.

80 1603 82 1607 .
151 1519 251 1586 XXX.
283 1520 390 1606 Scipio
413 1523 543 1588 interim
565 1524 632 1589 fere
655 1524 772 1589 cotidie
791 1546 857 1588 non
874 1522 970 1609 longe
989 1547 1008 1589 a
1025 1524 1093 1590 suis
1113 1542 1127 1589 1

85 1619 209 1702 cestria,
230 1619 379 1702 passibus
399 1636 473 1705 ccc,
494 1621 654 1686 instruere
677 1619 778 1683 aciem
802 1641 838 1684 ac
859 1620 980 1684 maiore
1002 1624 1093 1703 parte

85 1715 149 1779 diei
179 1719 369 1799 consumpta
398 1738 509 1782 rursus
539 1719 574 1783 in
603 1722 707 1783 castra
736 1739 771 1782 se
799 1718 948 1800 recipere.
1001 1715 1127 1794 Quoda

85 1834 159 1877 cum
178 1812 305 1896 saepius
324 1812 424 1898 fieret,
446 1836 550 1898 neque
569 1838 609 1880 ex
628 1814 772 1879 Caesaris
791 1815 904 1879 castris
924 1815 1094 1899 quisquam

84 1909 228 1996 prodiret
250 1931 354 1994 neque
376 1910 510 1994 propius
533 1912 603 1977 eius
622 1912 729 1995 copias
753 1911 924 1995 accederet,
946 1912 1095 1995 despecta

84 2006 243 2091 patientia
270 2005 414 2070 Caesaris
443 2008 665 2092 exercitusque
692 2009 774 2092 eius,
802 2006 910 2092 [Iuba]
935 2009 1094 2074 universis

86 2102 188 2187 copiis
210 2101 375 2184 productis
394 2102 634 2187 elephantisque
652 2104 779 2167 turritis
801 2121 875 2166 xxx
898 2108 971 2169 ante
994 2106 1094 2169 aciem

86 2197 263 2282 instructis,
287 2220 383 2282 quam
401 2198 559 2263 latissime
577 2200 692 2283 potuit,
714 2204 862 2282 porrecta
880 2202 1024 2284 equitum
1042 2224 1094 2284 pe·

87 2296 254 2378 ditumque
285 2293 492 2359 multitudine
523 2317 588 2360 uno
616 2299 761 2378 tempore
792 2316 982 2380 progressus
1008 2296 1095 2360 haud

86 2393 133 2458 ita
154 2390 251 2476 longe
274 2415 293 2455 a
316 2390 459 2456 Caesaris
483 2393 596 2457 castris
619 2392 766 2457 constit‘t
788 2392 823 2457 in
846 2414 966 2475 campo.

152 2486 269 2553 XXXI.
300 2487 424 2566 Quibus
448 2489 543 2553 rebus
562 2489 702 2574 cognitis
722 2487 837 2553 Caesar
859 2489 949 2553 iubet
966 2488 1095 2574 milites,
1114 2509 1128 2556 1

88 2586 143 2671 qui
175 2589 266 2650 extra
296 2586 493 2650 munitiones
524 2590 747 2670 processerant
775 2584 950 2671 pabulandi
977 2591 1032 2650 aut
1058 2586 1095 2650 li-

88 2685 206 2770 gnandi
229 2688 285 2749 aut
307 2684 405 2748 etiam
427 2683 592 2748 muniendi
620 2684 725 2769 gratia
755 2684 874 2768 quique
900 2682 1021 2747 vallum
1042 2705 1095 2767 pe-

87 2783 205 2847 tierant
228 2803 371 2866 quaeque
394 2781 435 2844 ad
458 2802 528 2845 eam
550 2803 619 2846 rem
643 2804 723 2866 opus
747 2785 850 2866 erant,
878 2803 988 2845 omnes
1010 2781 1096 2845 intra

86 2879 281 2944 munitiones
312 2878 499 2943 minutatim
530 2879 738 2962 modesteque
770 2879 838 2942 sine
868 2878 1010 2942 tumultu
1039 2884 1095 2944 aut

86 2981 208 3042 terrore
236 2998 270 3040 se
296 2978 437 3060 recipere
465 2979 561 3059 atque
588 2975 622 3039 in
648 2997 742 3059 opere
770 2975 953 3040 consistere.
996 2975 1129 3061 Equi-2

87 3073 175 3138 tibus
199 3076 314 3157 autem,
339 3073 394 3157 qui
418 3072 452 3136 in
475 3073 613 3137 statione
636 3071 777 3156 fuerant,
799 3071 963 3156 praecipit,
985 3077 1022 3136 ut
1044 3095 1095 3138 us-

88 3191 150 3254 que
173 3191 210 3233 eo
232 3169 339 3233 locum
363 3170 554 3254 optinerent,
577 3169 611 3233 in
635 3190 698 3253 quo
721 3168 817 3252 paulo
841 3172 915 3234 ante
936 3171 1095 3234 constitis-

88 3270 172 3349 sent,
195 3266 295 3330 doneo
318 3266 357 3329 ab
380 3265 474 3330 hoste
496 3266 599 3330 telum
621 3265 757 3330 missum
780 3265 821 3328 ad
843 3287 876 3330 se
901 3267 1096 3351 perveniret;

88 3362 175 3449 quod
206 3363 235 3427 si
266 3363 399 3447 propius
432 3363 647 3446 accederetur,
679 3384 776 3446 quam
806 3361 1031 3428 honestissime
1061 3385 1095 3427 se

86 3463 173 3527 intra
191 3461 386 3525 munitiones
404 3461 591 3545 reciperent.
627 3459 696 3524 Alii
715 3482 841 3545 quoque
860 3460 1017 3544 equitatui
1032 3456 1093 3525 edi·
1113 3476 1129 3522 3

87 3559 145 3643 cit,
174 3559 224 3623 uti
247 3580 306 3622 suo
330 3559 464 3643 quisque
487 3557 559 3622 loco
586 3561 717 3640 paratus
740 3561 944 3642 armatusque
966 3559 1094 3640 praesto

145 3671 168 3712 o.
182 3671 287 3712 ramus
302 3669 426 3712 onnam.
454 3671 498 3711 111.
664 3727 669 3737 Ι
922 3666 937 3712 a
