2414 3968
339 167 341 170 ⁴
384 256 386 263 .
426 213 503 268 car.
521 213 701 270 nv-avm.
765 272 768 281 .
1024 219 1066 282 37

58 358 231 442 egreditur,
254 379 347 422 mane
369 359 516 442 pervenit
537 356 690 423 Naevam.
736 358 787 425 Ibi
810 381 882 424 eum
906 361 999 445 diem,
1022 366 1067 446 ut,

58 455 137 540 quid
154 459 313 539 ageretur,
335 455 539 538 perspiceret,
562 460 706 520 moratus
727 455 917 521 Carmonem
940 462 1066 523 conten-

58 554 113 617 dit.
159 550 237 636 Hic,
268 573 341 616 cum
367 551 453 637 legio
481 569 554 615 xxx
581 555 614 616 et
643 570 705 619 xx1
733 558 766 617 et
793 553 940 618 cohortes
963 571 1000 618 1v
1027 572 1100 619 exs

57 669 80 715 v
112 649 239 734 legione
273 653 426 733 totusque
456 649 657 714 convenisset
689 650 866 734 equitatus,
903 651 992 714 audit
1030 669 1066 715 1v

57 747 205 813 cohortes
229 768 248 809 a
269 744 449 809 vernaculis
472 767 641 829 oppressas
665 747 704 810 ad
723 744 900 811 Obuculam
924 769 997 812 cum
1014 747 1065 811 his

57 845 98 909 ed
117 842 288 908 secundam
306 843 488 926 pervenisse
508 842 667 927 legionem
686 865 858 927 omnesque
877 845 923 908 ibi
942 866 976 908 se
994 865 1065 908 con-

56 941 200 1006 iunxisse
232 943 265 1004 et
296 938 332 1003 T.
360 937 492 1004 Torium
522 937 724 1004 Italicensem
756 941 869 1006 ducem
901 940 1064 1027 delegisse.

57 1038 211 1104 Celeriter
232 1035 344 1100 habIto
364 1035 497 1100 consilio
520 1035 565 1099 M.
578 1035 766 1101 Marcellum
786 1044 978 1122 quaestorem
991 1037 1064 1103 Cor-
1083 1056 1100 1102 4

57 1136 189 1217 dubam,
211 1136 249 1197 ut
272 1153 343 1196 eam
365 1132 398 1195 in
421 1134 581 1215 potestate
604 1134 772 1219 retineret,
795 1134 831 1211 Q.
855 1134 1000 1201 Cassium
1023 1137 1064 1201 le-

57 1235 169 1320 gatum
205 1228 367 1313 Hispalim
403 1230 514 1293 mittit.
572 1228 688 1294 Paucis
724 1232 754 1295 ei
790 1233 902 1296 diebus
934 1235 1099 1298 afferturc

57 1332 250 1397 conventum
270 1324 506 1390 Cordubensem
525 1327 565 1390 ab
584 1348 621 1390 eo
645 1328 797 1392 defecisse
815 1328 1064 1413 Marcellumque

57 1432 113 1493 aut
134 1424 301 1490 voluntate
324 1425 381 1485 aut
402 1423 593 1487 necessitate
616 1424 788 1488 adductum
807 1463 851 1472 —
871 1447 1008 1509 namque
1031 1426 1065 1489 id

56 1525 143 1592 varie
170 1519 380 1585 nuntiabatur
408 1557 452 1565 —
482 1513 662 1584 consentire
692 1542 765 1585 cum
793 1520 1064 1606 Cordubensibus3

57 1623 135 1687 duas
163 1617 311 1683 cohortes
338 1614 475 1700 legionis
503 1635 540 1702 v,
574 1640 655 1701 quae
682 1618 810 1683 fuerant
837 1617 1003 1684 Cordubae
1030 1620 1064 1683 in

55 1716 229 1804 praesidio,
263 1713 347 1776 idem
379 1712 491 1777 faeere.
542 1711 671 1779 Cassius
702 1715 753 1779 his
786 1717 881 1780 rebus
914 1717 1098 1781 incensuss

55 1819 165 1881 movet
187 1814 292 1876 castra
314 1814 346 1874 et
367 1814 497 1893 postero
521 1811 572 1876 die
596 1810 766 1896 Segoviam
789 1813 830 1876 ad
852 1815 971 1878 flumen
994 1811 1062 1877 Sin-

56 1913 190 1998 giliense
217 1907 314 1972 venit.
360 1905 410 1970 Ibi
441 1906 553 1971 habita
580 1909 727 1973 contione
756 1909 896 1973 militum
926 1914 1064 1993 temptat

56 2011 196 2091 animos3
219 2026 300 2089 quos
324 2005 489 2087 cognoscit
511 2027 576 2068 non
594 2027 661 2088 sua,
684 2006 739 2069 sed
758 2004 903 2070 Caesaris
922 2007 1063 2070 absentis

56 2126 153 2173 causa
175 2101 238 2166 sibi
260 2100 433 2163 fidissimos
453 2122 522 2163 esse
544 2101 732 2184 nullumque
754 2103 932 2184 periculum
956 2104 1064 2187 depre-

56 2207 199 2283 caturos,
229 2198 305 2260 dum
332 2217 389 2278 per
412 2217 466 2260 eos
490 2193 618 2260 Caesari
644 2198 809 2280 provincia
831 2200 1062 2263 restitueretur.

122 2293 240 2362 LVIII.
269 2292 403 2357 Interim
426 2291 542 2357 Torius
565 2292 605 2355 ad
624 2291 805 2356 Cordubam
823 2298 946 2359 veteres
964 2295 1061 2379 legio·
1082 2311 1096 2358 1

55 2420 112 2464 nes
131 2392 262 2459 adducit
285 2412 330 2474 ac,
348 2412 388 2454 ne
407 2389 615 2454 dissensionis
637 2388 766 2453 initium
785 2394 896 2454 natum
912 2390 1063 2456 seditiosa

55 2495 197 2560 militurn
226 2510 347 2572 suaque
373 2491 489 2551 natura
509 2486 699 2570 videretur,
714 2482 811 2550 simul
832 2491 870 2550 ut
893 2491 1003 2550 contra
1026 2487 1062 2564 Q.

56 2592 216 2671 Cassium,
249 2586 305 2670 qui
333 2583 476 2649 Caesaris
503 2583 632 2648 nomine
661 2582 837 2646 manribus
863 2581 987 2646 viribus
1013 2585 1063 2648 uti

55 2689 237 2768 videbatur,
266 2703 365 2766 aeque
392 2685 556 2767 potentem
580 2685 756 2764 opponeret
779 2679 983 2764 dignitatem,
1006 2679 1061 2745 Cn.

54 2784 209 2869 Pompeio
237 2802 271 2844 se
298 2779 496 2863 provinciam
523 2798 709 2860 recuperare
731 2776 813 2841 velle
842 2776 949 2860 palam
973 2778 1062 2842 dicti·

56 2882 154 2947 tabat.
198 2878 244 2942 Ilt
265 2876 402 2942 forsitan
425 2876 522 2940 etiam
544 2873 605 2938 hoc
630 2873 742 2937 fecerit
766 2872 839 2938 odio
863 2871 1006 2938 Caesaris
1030 2881 1096 2940 eta

56 3000 163 3043 amore
181 2975 325 3058 Pompei,
348 2973 438 3037 cuius
460 2993 578 3037 nomeu
599 2970 737 3034 multum
760 2975 889 3054 poterat
907 2971 992 3055 apud
1009 2994 1062 3038 eas

54 3074 208 3159 legiones,
230 3093 310 3156 quas
323 3068 366 3133 M.
385 3066 488 3133 Varro
504 3068 695 3133 obtinuerat.
732 3064 795 3131 Sed
817 3067 851 3130 id
865 3087 929 3151 qua
945 3073 1062 3154 mente,

56 3168 235 3237 communis
262 3170 331 3232 erat
358 3165 551 3230 coniectura:
584 3167 668 3228 certe
695 3163 756 3228 hoc
783 3185 859 3248 prae
887 3185 920 3228 se
946 3163 1061 3230 Torius

55 3264 186 3331 ferebat.
230 3262 350 3327 Milites
383 3263 460 3326 adeo
492 3261 749 3344 infatuabantur,
779 3264 817 3325 ut
845 3259 899 3326 Cn.
927 3259 1095 3345 Pompeis

55 3383 173 3429 nomen
195 3360 231 3424 in
252 3360 352 3424 scutis
374 3359 565 3442 inscriptum
583 3357 745 3422 haberent.
780 3355 944 3442 Frequens
962 3357 1059 3442 legio·
1078 3376 1096 3421 4

55 3462 152 3525 nibus
171 3461 344 3524 conventus
363 3456 490 3522 obviem
507 3455 625 3540 prodit,
646 3475 749 3538 neque
767 3457 894 3518 tantum
908 3454 1061 3537 virorum,

55 3556 113 3622 sed
139 3554 236 3620 etiam
263 3553 563 3618 matrumfamilias
587 3574 622 3616 ac
647 3553 929 3635 praetextatorum,
953 3550 1060 3634 depre-
