2414 3968
415 231 417 234 ·
494 203 570 260 OAP.
592 205 699 262 VI—X.
1074 210 1091 273 7

81 370 257 432 numquam
284 371 349 413 uno
377 352 521 434 tempore
548 350 691 416 adversis
719 352 825 417 ventis
854 352 1093 437 praecluderen-

81 450 144 511 tur.
188 444 298 531 Fugae
328 468 403 511 vero
433 447 560 511 nullum
592 469 660 513 esse
692 443 865 514 consilium
890 473 960 536 ‘non
988 451 1128 516 solum3

81 536 136 627 iis‚‘
164 543 220 627 qui
243 543 381 627 primam
405 542 595 627 dignitatem
618 545 791 631 haberent,
821 548 878 612 sed
899 570 939 613 ne
961 549 1002 613 iis
1026 549 1093 633 qui-

81 642 164 725 dem,
187 640 244 724 qui
262 640 344 705 nihil
366 644 592 726 praeterquam
611 643 649 706 de
668 643 737 708 rita
755 644 943 729 cogitarent.
972 643 1092 730 Magno
1110 663 1128 709 4

81 738 213 824 negotio
231 737 371 821 impetus
384 737 529 803 hostium
547 739 699 805 adversos
713 763 754 806 ex
771 742 1007 807 munitionibus
1025 763 1092 806 sus·

80 837 191 921 tineri5
214 835 331 919 quibus
354 834 476 900 relictis
496 858 555 901 nec
577 836 649 901 loco
668 860 728 903 nec
754 861 888 905 numero
912 863 1004 924 pares
1024 862 1093 906 esse

81 955 184 1018 posse.
230 932 383 1018 Magnam
406 937 515 997 autem
536 956 660 998 moram
684 940 717 1001 et
740 936 967 1003 difficultatem
987 960 1093 1003 ascen-
1112 954 1128 1001 5

80 1055 154 1098 sum
176 1032 210 1095 in
233 1052 330 1095 naves
348 1029 480 1115 habere,
502 1032 693 1114 praesertim
712 1055 752 1098 ex
770 1026 912 1119 scaphis3
935 1056 1093 1100 summam

80 1152 150 1195 esse
173 1132 285 1194 contra
308 1127 343 1191 in
360 1126 589 1193 Alexandrinis
607 1129 812 1195 velocitatem
834 1131 1042 1216 locorumque
1061 1135 1094 1196 et

80 1227 300 1293 aedificiorum
326 1224 485 1289 notitiam.
533 1225 604 1290 Hos
631 1228 802 1312 praecipue
830 1228 864 1292 in
886 1228 1023 1294 victoria
1046 1228 1128 1309 ins

81 1325 223 1392 solentes
246 1344 475 1407 praecursuros
494 1326 526 1388 et
543 1323 615 1387 loca
632 1324 808 1389 excelsiora
830 1329 926 1409 atque
950 1325 1094 1390 aedificia

80 1426 307 1507 occupaturos:
331 1420 379 1484 ita
396 1419 476 1505 fuga
493 1420 693 1506 navibusque
712 1427 840 1488 nostros
863 1421 1092 1506 prohibituros.

79 1520 219 1586 Proinde
251 1519 321 1583 eius
351 1517 479 1582 consilii
509 1517 775 1584 obliviscerentur
803 1523 900 1604 atque
930 1520 1018 1584 omni
1044 1542 1092 1584 ra

80 1621 169 1685 tione
192 1639 262 1682 esse
285 1615 479 1681 vincendum
503 1615 690 1700 cogitarent.
780 1614 783 1618 ’

146 1713 254 1781 VIIII.
290 1713 361 1778 Hac
389 1714 535 1779 oratione
563 1714 648 1798 apud
675 1735 750 1778 suos
773 1711 885 1778 habita
908 1717 1003 1798 atque
1026 1736 1091 1779 om·
1111 1734 1124 1780 1

79 1816 171 1880 nium
198 1812 361 1876 mentibus
390 1811 538 1876 excitatis
567 1811 622 1874 dat
649 1809 891 1874 centurionibus
917 1810 1093 1896 negotium,

72 1917 118 1976 ⁴ut
146 1909 280 1992 reliquis
311 1909 462 1993 operibus
492 1907 689 1972 intermissis
717 1907 758 1971 ad
783 1907 951 1972 fodiendos
977 1911 1092 1991 puteos

80 2008 224 2072 animum
239 2006 404 2070 conferant
421 2027 500 2070 neve
515 2027 612 2089 quam
630 2008 756 2089 partem
769 2005 920 2069 nocturni
937 2007 1093 2089 temporis

80 2104 305 2169 intermittant.
351 2101 432 2177 *Quo
465 2106 615 2185 suscepto
647 2103 778 2187 negotio
816 2106 912 2186 atque
949 2104 1092 2168 omnium
1111 2111 1137 2170 a

80 2201 197 2266 animis
216 2199 257 2263 ed
273 2198 417 2262 laborem
440 2198 582 2262 incitatis
600 2219 718 2283 magna
732 2221 798 2262 una
810 2204 904 2263 nocte
923 2200 973 2265 vis
992 2223 1092 2284 aquae

80 2298 184 2363 dulcis
206 2297 336 2361 inventa
358 2299 415 2360 est.
460 2292 512 2357 Ita
543 2295 686 2377 operosis
709 2293 1005 2360 Alexandrinorum
1027 2319 1091 2361 ma-

79 2394 319 2462 chinationibus
341 2390 555 2475 maximisque
578 2392 747 2457 conatibus
770 2414 836 2456 non
858 2391 949 2477 longi
971 2396 1091 2476 tempo-

78 2495 125 2559 ris
152 2493 262 2557 labore
290 2512 458 2556 occursum
486 2493 543 2555 est.
587 2488 638 2553 Eo
666 2489 764 2553 biduo
792 2489 878 2574 legio
907 2507 1030 2553 mvn
1053 2509 1127 2557 exa

79 2591 240 2657 dediticiis
262 2588 469 2673 Pompeianis
497 2587 657 2652 militibus
682 2609 755 2652 eum
783 2585 959 2670 frument0‚
986 2587 1093 2672 armis,

78 2688 167 2771 telis,
197 2686 367 2751 tormentis
395 2684 548 2769 imposita
570 2684 605 2749 in
629 2706 726 2750 naves
750 2706 769 2748 a
790 2682 936 2748 Domitio
960 2683 1091 2749 Calvino

79 2786 120 2849 ad
141 2785 240 2848 litora
262 2781 393 2849 Africae
415 2780 512 2866 paulo
536 2804 636 2867 supra
653 2780 883 2846 Alexandriam
907 2781 1012 2845 delata
1034 2787 1091 2848 est

78 2880 149 2946 Hae
176 2902 274 2946 naves
301 2879 405 2964 Euro,
437 2879 494 2963 qui
520 2880 642 2945 multos
671 2879 738 2944 dies
762 2877 963 2944 continenter
984 2879 1127 2966 flabat‚4

78 2983 210 3062 portum
237 2999 349 3061 capere
377 2974 649 3063 prohibebantur3
678 2975 735 3040 sed
760 2974 832 3039 loca
859 2979 935 3038 sunt
963 2976 1092 3060 egregia

78 3076 167 3140 omni
193 3075 251 3140 illa
278 3075 409 3159 regione
437 3074 477 3137 ad
504 3073 659 3138 tenendas
682 3094 823 3137 ancoras.
870 3071 916 3136 Hi
939 3094 1012 3137 cum
1036 3073 1090 3138 diu

77 3173 292 3238 retinerentur
315 3176 412 3256 atque
436 3192 536 3255 aquae
559 3171 669 3254 inopia
696 3173 933 3254 premerentur,
960 3170 1090 3256 navigio

78 3269 221 3333 actuario
245 3269 414 3335 Caesarem
436 3268 562 3333 faciunt
584 3268 762 3333 certiorem

144 3364 183 3430 X.
221 3365 351 3451 Caesar,
377 3370 416 3431 ut
442 3388 501 3450 per
523 3387 557 3431 se
580 3365 752 3430 consilium
775 3370 916 3450 caperet,
944 3365 1023 3449 quid
1044 3366 1089 3430 fa-
1109 3382 1123 3430 1

76 3462 226 3527 ciendum
256 3463 435 3548 uideretur,
466 3485 581 3528 navem
614 3462 801 3528 conscendit
833 3468 929 3547 atque
962 3481 1107 3529 omnem

75 3559 212 3627 classem
235 3561 385 3645 sesequi
412 3561 509 3626 iussit
531 3560 776 3625 nullisnostris
802 3559 963 3626 militibus
986 3561 1086 3645 impo-
