2414 3968
375 235 451 291 err.
469 234 736 290 uxum-urm.
1022 235 1065 301 89
1151 212 1154 219 '

54 380 176 464 passim
199 380 360 444 conversis
384 380 475 464 equis
502 401 537 443 se
560 378 754 464 colligebant
777 383 873 464 atque
900 380 936 446 in
959 382 1063 465 spatio
1167 439 1169 444 .

56 478 333 561 consequebamur
369 480 402 543 et
438 475 542 541 iacula
579 476 614 541 in
648 476 842 561 legionarios
879 478 1064 543 coiciebant

54 571 107 637 Ita
129 571 245 637 Caesar
271 572 366 637 modo
392 573 592 656 procedendo
622 575 718 638 modo
741 573 918 639 resistendo
941 575 1064 640 tardius
1083 591 1101 639 a

55 670 170 735 itinere
184 670 328 735 confecto
345 670 450 735 noctis
468 670 549 734 hora
565 670 671 754 prima
684 692 793 735 omnes
813 693 888 736 suos
906 671 947 736 ad
964 694 1065 736 unum

55 767 91 831 in
114 770 218 831 castra
239 766 416 832 incolumes
434 767 551 832 sauciis
568 785 594 831 x
611 767 705 832 factis
722 767 859 832 reduxit.
903 767 1064 833 Labienus
1083 787 1101 835 a

55 863 183 929 circiter
215 879 278 929 ccc
305 864 446 949 amissis,
477 864 590 929 multis
618 864 808 950 vulneratis,
838 864 903 950 [ac]
932 865 1064 930 defessis

55 960 205 1025 instando
229 961 378 1026 omnibus
401 959 442 1026 ad
470 982 546 1026 suos
569 983 604 1026 se
625 961 753 1045 recepit.
800 959 908 1046 Scipio
935 962 1065 1027 interim
1084 981 1101 1030 u

54 1056 198 1142 legiones
220 1058 393 1141 productas
413 1079 486 1123 cum
504 1058 692 1142 elephantis,
715 1080 796 1143 quos
817 1061 891 1123 ante
909 1063 1014 1123 castra
1030 1059 1066 1122 in

55 1156 123 1220 acie
146 1155 278 1221 terroris
300 1156 406 1240 gratia
428 1157 462 1220 in
481 1157 654 1238 conspectu
672 1153 816 1220 Gesseris
837 1155 1066 1239 conlocauerat,

54 1253 180 1318 reducit
200 1253 236 1317 in
259 1257 372 1317 castra.
673 1328 675 1334 y

121 1346 236 1413 LXXI.
269 1347 386 1414 Caeam
408 1353 521 1414 contra
539 1349 696 1421 eiusmodi
717 1348 997 1434 hostiumgenera
1015 1365 1100 1414 co-1

54 1446 126 1530 pias
144 1468 219 1511 suas
236 1468 303 1510 non
320 1451 359 1511 ut
376 1446 551 1531 imperator
569 1447 744 1511 exercitum
764 1449 950 1511 veteranum
967 1446 1065 1511 victo·

54 1564 187 1626 remque
213 1542 363 1607 maximis
391 1543 488 1608 rebus
515 1543 632 1628 gestis,
664 1542 719 1607 sed
745 1545 784 1606 ut
804 1541 923 1607 lanista
944 1542 1065 1607 tirones

56 1639 250 1725 gladiatores
274 1639 529 1724 condocefacer03
552 1643 632 1722 quot
653 1639 750 1724 pedes
772 1661 807 1704 se
829 1640 1008 1723 reciperent
1025 1639 1065 1703 ab

55 1736 149 1800 hoste
168 1740 202 1800 et
220 1735 488 1820 quemadmodum
508 1736 635 1801 obversi
653 1737 842 1801 adversariis
861 1740 894 1802 et
915 1737 949 1801 in
969 1759 1066 1821 quan·

56 1833 126 1898 tulo
149 1834 254 1917 spatio
277 1833 477 1916 resisterent,
501 1832 596 1898 modo
618 1838 843 1917 procurrerent
864 1833 960 1897 modo
983 1855 1065 1898 rece·

57 1930 169 1993 dorent
187 1929 520 2013 comminarenturque
542 1930 708 2014 impetum,
731 1953 768 1995 ac
789 1953 890 2014 prope
908 1952 972 2015 quo
994 1930 1065 1995 loco

57 2030 90 2090 et
113 2024 381 2109 quemadmodum
403 2025 468 2090 tela
489 2026 668 2110 mitterent,
695 2028 884 2110 praecipere.
929 2026 1064 2092 Mirifice
1083 2044 1102 2091 a

57 2122 144 2187 enim
174 2121 319 2187 hostium
345 2121 427 2186 levis
457 2126 620 2186 armatura
648 2124 779 2187 anxium
806 2123 981 2187 exercitum
1010 2145 1064 2188 no-

57 2223 162 2284 strum
185 2221 281 2302 atque
304 2217 479 2282 sollicitum
500 2217 649 2303 habebat,
671 2219 747 2303 quia
767 2224 800 2283 et
817 2220 942 2303 equites
964 2220 1065 2284 deter-

56 2317 150 2382 rebat
170 2315 330 2400 proelium
353 2315 434 2380 inire
455 2319 588 2399 propter
606 2336 761 2399 equorum
781 2317 957 2400 interitum,
981 2317 1067 2400 quod

57 2436 112 2479 eos
135 2413 249 2478 iaculis
276 2405 503 2496 interficiebat,
532 2402 565 2475 et
586 2411 800 2496 legionarium
822 2412 959 2479 militem
982 2412 1066 2476 ‹lefa-

56 2510 183 2595 tigabat
213 2513 346 2594 propter
376 2509 594 2574 velocitatem:
630 2509 737 2594 gravis
770 2509 855 2574 enim
887 2512 1066 2574 armaturae

57 2608 149 2673 miles
172 2607 367 2691 simulatque
394 2607 434 2672 ab
462 2607 503 2671 iis
531 2606 705 2671 insectatus
733 2607 920 2671 constiterat
942 2606 977 2669 in
999 2627 1066 2668 eos·
1163 2674 1165 2679 ¹

58 2727 120 2789 que
142 2704 299 2788 impetum
316 2704 449 2788 fecerat,
471 2703 521 2768 illi
538 2704 641 2769 veloci
659 2725 754 2769 cursu
776 2702 955 2787 periculum
973 2702 1066 2767 facile

56 2802 211 2866 vitabant.

123 2897 254 2964 LXXII.
287 2898 411 2976 Quibus
435 2920 475 2963 ex
497 2899 593 2964 rebus
617 2897 733 2962 Caesar
755 2895 960 2960 vehementer
982 2914 1101 2961 com-1

58 2996 260 3079 movebatur,
290 2996 376 3080 quod
399 2995 685 3080 quotienscumque
712 2993 870 3078 proelium
893 2996 962 3057 erat
983 3013 1066 3056 com-

58 3092 207 3177 missum,
234 3094 379 3177 equitatu
408 3113 472 3156 suo.
494 3092 562 3156 sine
589 3090 765 3176 legionario
792 3090 896 3154 milita
923 3089 1067 3154 hostium
1094 3113 1096 3119 ·

60 3189 216 3274 equitatui
234 3189 361 3275 levique
380 3192 560 3280 armaturae
575 3209 685 3252 eorum
703 3187 793 3252 nullo
811 3188 907 3251 modo
925 3208 984 3270 par
998 3208 1067 3250 esse

58 3288 193 3370 poterat.
231 3284 471 3371 Sollicitabatur
490 3290 597 3350 autern
615 3285 667 3349 his
685 3285 795 3368 rebus,
818 3283 904 3368 quod
925 3284 1067 3347 nondum
1086 3299 1104 3345 2

58 3382 201 3466 legiones
214 3380 358 3448 hostium
373 3383 575 3466 cognoverat,
594 3384 626 3444 et
640 3402 780 3464 quonam
798 3378 893 3444 modo
911 3378 1067 3443 sustinere

58 3503 94 3544 se
121 3481 231 3563 posset
260 3478 300 3543 ab
331 3478 609 3561 eorumequitatu
632 3477 758 3561 levique
781 3481 955 3559 armatura,
987 3497 1068 3559 quae

58 3581 150 3642 orant
171 3575 320 3660 mirifica,
343 3576 371 3640 si
393 3574 536 3660 legiones
561 3597 687 3660 quoque
711 3574 926 3639 accessissent.
971 3571 1103 3636 Acce-3
