2414 3968
137 195 181 259 30
406 192 555 248 Barnun
573 189 878 245 ALEXANDRINUM.

135 339 240 423 tabat,
272 339 329 424 qui
358 338 517 403 sustinere
549 337 705 420 impetum
734 334 859 400 Octavii
889 355 955 399 non
987 338 1152 419 poterant,

135 435 271 499 navibus
289 435 449 520 actuariis,
473 455 610 519 quarum
627 454 780 497 numerus
803 434 873 495 erat
894 428 977 495 satis
1000 451 1151 517 magnus,

134 532 322 615 magnitudo
341 553 544 616 nequaquam
563 530 643 594 satis
661 530 748 594 iusta
771 528 812 592 ad
834 526 1078 612 proeliandum,
1102 549 1150 593 ro

98 630 202 694 41111
224 628 387 712 imposuit.
424 625 486 691 His
501 626 661 690 adiunctis
675 626 812 691 naribus
835 625 943 710 longis
961 627 997 689 et
1013 646 1150 690 numam

135 725 246 791 elassis
283 730 377 792 aucto
409 725 569 789 militibus
600 724 761 789 veteranis
793 721 972 806 impositis,
1008 744 1149 807 quorum

134 844 284 907 magnam
307 823 433 906 copiam
460 821 599 886 habebat
621 842 661 885 11
686 821 837 886 omnibus
864 818 1066 904 legionibus,
1094 820 1149 904 qui

134 941 268 985 numero
296 940 464 1004 aegrorum
491 917 596 982 relicti
624 924 716 983 erant
742 917 923 1000 Brundisii,
954 938 1031 981 cum
1061 939 1148 982 exer·

136 1017 219 1081 citus
250 1017 285 1080 in
317 1014 482 1080 Graeciam
515 1018 801 1100 transportaretur,
834 1014 999 1100 profectus
1032 1019 1086 1080 111
1115 1015 1148 1079 in

134 1111 301 1195 Illyricum
327 1113 579 1195 maritumaeque
606 1111 778 1176 nonnullas
802 1112 964 1196 civitates,
989 1133 1075 1196 quae
1098 1111 1147 1176 de·

136 1209 277 1274 fecerant
299 1207 495 1295 Octavioque
523 1231 558 1274 se
581 1208 792 1293 tradiderant,
818 1209 939 1294 partim
960 1208 1147 1293 recipiebat,

136 1307 254 1391 partim
267 1310 468 1373 remanentes
487 1307 522 1371 in
541 1327 600 1370 suo
615 1306 750 1371 oonsilio
767 1305 1076 1391 praetervehebatur
1090 1328 1146 1370 nec

136 1404 198 1469 sibi
216 1404 314 1469 ullius
332 1406 379 1471 rei
392 1427 517 1470 moram
530 1404 817 1488 necessitatemque
836 1403 1037 1488 iniungebat,
1060 1405 1146 1489 quin,

136 1525 233 1587 quam
251 1503 415 1567 celerrime
436 1507 555 1586 posset,
578 1501 685 1584 ipsum
700 1499 870 1565 Octavium
890 1505 1144 1584 persequeretur.

101 1599 231 1664 5Hunc
263 1603 503 1684 oppugnantem
533 1597 735 1681 Epidaurum
771 1603 858 1662 terra
893 1596 1057 1682 marique,
1092 1598 1146 1663 ubi

136 1701 283 1760 nostrum
315 1700 383 1760 erat
414 1694 624 1780 praesidium,
656 1695 795 1760 adventu
823 1716 881 1760 suo
913 1694 1079 1761 discedere
1108 1696 1144 1760 ab

137 1793 376 1877 oppugnatione
399 1792 505 1876 coegit
526 1792 786 1876 praesidiumque
808 1795 957 1856 nostrum
979 1793 1113 1877 recepit.

102 1908 116 1956 1
203 1888 366 1954 XXXXV.
404 1887 556 1955 Octavius
585 1911 658 1954 cum
680 1888 849 1953 Vatinium
872 1889 1008 1954 classem
1029 1910 1146 1975 magna

137 2010 177 2053 11
202 1991 294 2071 parte
323 1987 501 2052 confectam
528 2009 569 2052 11
594 1986 754 2051 naviculis
776 1987 927 2051 actuariis
954 1986 1076 2052 habere
1098 2009 1145 2052 co·

137 2089 277 2170 gnosset,
300 2085 439 2150 confisus
462 2105 522 2148 sua
543 2082 645 2148 classe
669 2083 817 2149 substitit
839 2083 879 2148 ad
901 2082 1042 2147 insulam
1066 2080 1145 2149 'lau-

136 2183 250 2267 ridem3
274 2204 337 2267 qua
358 2182 490 2268 regione
509 2179 663 2246 Vatinius
686 2179 858 2265 insequens
876 2179 1061 2265 navigabat,
1083 2202 1146 2247 non

137 2302 200 2365 quo
220 2279 388 2345 Octavium
411 2280 457 2345 ibi
480 2279 640 2344 restitisse
664 2276 775 2360 sciret,
799 2277 854 2340 sed
878 2272 965 2361 quod
987 2298 1063 2341 eum
1080 2276 1145 2343 lon·

101 2378 209 2462 agius
244 2399 452 2462 progressum
488 2373 616 2460 insequi
653 2375 843 2440 decreverat.
895 2371 976 2438 Cum
1012 2376 1147 2460 propius

136 2473 306 2538 Tauridem
329 2474 516 2539 accessisset
542 2472 696 2556 dispersis
724 2471 793 2536 suis
820 2471 971 2555 naribus,
1000 2472 1091 2556 quod
1116 2477 1148 2537 11

136 2575 311 2656 tempestas
334 2574 403 2635 erat
425 2569 612 2633 turbulenta
635 2572 667 2633 11
689 2567 778 2632 nulla
800 2567 941 2652 suspicio
963 2566 1081 2653 hostis,
1102 2590 1147 2634 re

137 2671 232 2750 pente
259 2667 425 2731 adversam
453 2664 493 2728 ad
520 2687 554 2729 11
576 2665 757 2730 venientem
787 2686 901 2731 navem
924 2666 1087 2731 antemnis
1109 2667 1148 2731 ad

137 2762 278 2826 medium
304 2760 427 2824 malum
455 2760 602 2825 demissis
632 2762 823 2827 instructam
850 2763 1148 2848 propugnatoribus

103 2877 118 2924 3
138 2858 281 2922 animum
304 2857 448 2923 advertit.
495 2857 588 2934 Quod
613 2859 670 2923 ubi
699 2860 880 2944 conspexit,
906 2858 1054 2925 celeriter
1077 2860 1150 2926 vela

138 2954 274 3019 subduci
297 2954 487 3039 demittique
510 2959 675 3020 antemnas
704 2957 801 3021 iussit
827 2954 860 3021 11
886 2955 1007 3021 milites
1030 2959 1151 3023 armari

138 3051 306 3117 111111111
330 3050 457 3116 sublato
481 3051 560 3138 [quo
582 3054 747 3138 pugnandi
766 3053 863 3118 dabat
885 3052 1044 3140 signum],
1067 3078 1150 3167 quse

138 3148 261 3233 primae
282 3170 380 3213 naves
403 3149 690 3235 subsequebantur,
712 3151 797 3215 idem
820 3154 857 3215 ut
877 3151 1029 3235 facerent,
1052 3152 1151 3239 signi·

102 3266 119 3313 4
138 3246 263 3310 ficabat.
295 3245 456 3311 Parabant
474 3268 508 3312 se
527 3247 694 3312 Vatiniani
712 3251 843 3332 repente
861 3247 1022 3332 oppressi,
1044 3250 1153 3334 parati

140 3343 287 3427 deinceps
316 3341 483 3409 Octaviani
511 3367 551 3410 11
579 3349 676 3428 portu
705 3345 928 3431 procedebant.
973 3343 1154 3414 Instruitur

25 3436 28 3441 ’
139 3443 301 3527 utrimque
325 3441 422 3525 acies,
445 3441 556 3508 ordine
580 3441 736 3526 disposita
758 3442 862 3526 magis
886 3439 1077 3531 Octauiana,
1099 3463 1154 3530 pa

139 3539 239 3603 ratior
261 3538 403 3603 militum
427 3538 543 3604 animis
566 3537 748 3604 Vatiniana
