2414 3968
410 210 482 265 VIII.
515 208 725 264 EPISTULAE.
1012 208 1076 274 221

343 352 566 408 INGERTUM
583 350 661 421 QUO
678 351 801 407 ANNO.

436 442 495 496 AD
514 440 707 496 PISONEM.

138 538 242 594 citaris.
256 539 279 592 I
287 556 317 607 p.
333 544 370 593 79
387 539 428 594 eet.
443 539 480 593 K.
519 540 620 594 Caesar
638 538 675 593 aa
693 539 836 593 Pumcem:
857 537 1001 593 Locellum
1024 537 1079 593 tibi

67 609 210 679 signatum
229 608 333 664 remisi.

419 698 478 752 AD
498 697 527 753 0.
548 698 726 753 OALVUM.

137 795 210 851 Suet.
231 796 305 851 Caes.
326 799 370 850 73.
409 796 437 851 O.
457 794 541 850 Caluo
559 802 624 865 post
644 797 753 864 famosa
772 796 971 866 epiyrammata
988 795 1021 850 de
1038 812 1079 849 re·

65 868 256 923 conciliatione
270 884 321 936 per
339 867 440 922 amicos
457 868 551 938 acenti
568 868 641 922 ultro
657 884 691 923 ac
704 868 785 936 prior
802 869 918 937 scripsit.

348 1008 573 1065 INOERTUM
587 1009 646 1063 AD
669 1008 794 1078 QUEM.

136 1097 209 1154 Suet.
230 1098 305 1153 Caes.
328 1102 374 1154 26.
413 1097 589 1153 Gladiatores
612 1105 704 1165 notos,
728 1099 816 1154 sicubi
843 1098 951 1166 infestis
977 1104 1079 1166 specta-

65 1170 169 1224 toribus
182 1170 358 1236 dimicarent,
375 1169 404 1223 oi
421 1170 569 1238 rapiendos
586 1171 813 1239 reseruandosque
830 1170 981 1224 mandabat
986 1189 996 1235 ;
1014 1170 1079 1224 tiro-

65 1257 113 1296 nes
129 1257 215 1310 neque
232 1242 442 1309 inludensque
455 1257 507 1308 per
526 1241 651 1308 lanistas,
669 1241 716 1296 sed
729 1242 761 1295 in
776 1242 901 1296 domibus
916 1257 967 1310 per
980 1241 1081 1308 equites

10 1317 12 1323 ’
65 1312 206 1367 Romanos
228 1318 309 1381 atque
330 1312 413 1367 etiam
431 1318 637 1380 persecutores
661 1327 800 1366 arctorum
819 1314 922 1381 peritos
940 1312 1081 1366 erudiebat

61 1384 189 1452 prociona
211 1385 327 1450 enitens,
350 1383 422 1453 quod
445 1383 569 1451 epistulis
591 1383 650 1438 eius
672 1384 833 1450 ostenditur,
850 1389 882 1438 ut
903 1383 1080 1451 discerninam

64 1455 236 1526 siuaulorum
252 1455 420 1524 susciperent
436 1454 543 1523 ipsique
561 1453 666 1510 dictata
683 1455 867 1510 censentibus
884 1455 990 1508 darent.

419 1705 482 1771 IX.
510 1704 727 1772 INOERTA.

136 1826 262 1881 Diomed.
277 1828 300 1880 I
308 1843 338 1896 p.
354 1829 412 1881 368
429 1827 469 1882 ed.
485 1827 558 1883 Keil.
597 1828 690 1884 Cicero
712 1844 859 1883 cansarum
881 1827 983 1882 decimo
1000 1827 1080 1882 tertio

64 1914 113 1965 „re
130 1897 241 1952 vendita
263 1899 362 1952 iterum
379 1903 495 1967 empta.“
536 1899 613 1953 Umte
630 1900 806 1966 manifestum
823 1900 855 1966 tit
877 1899 1005 1966 „uenita“
1022 1913 1080 1951 non

65 1969 130 2035 dici,
143 1968 191 2023 scd
205 1974 254 2023 aut
267 1969 469 2035 „oeunrcdata“
478 1975 528 2024 ant
538 1976 570 2024 ut
580 1970 673 2024 Cicero
686 1971 849 2037 „ceudita“;
864 1969 954 2024 Gaius
965 1969 1079 2024 Caesar:

65 2037 257 2095 Possessionss
264 2038 482 2106 redemisasque
489 2042 589 2109 postea
595 2039 684 2110 pluris
691 2039 829 2095 venditas.
841 2040 882 2107 Of.
888 2057 974 2109 supra
980 2042 1078 2109 12145.

491 2181 651 2195 —n———n

275 2290 317 2355 X.
350 2287 524 2357 SPURIA
546 2289 612 2356 ΕΤ
632 2288 876 2357 SUSPEOTA.

137 2411 210 2466 Sera
226 2412 264 2465 aa
282 2412 360 2483 Vera.
375 2413 443 2466 Aen.
458 2414 485 2479 I,
498 2415 563 2467 267.
590 2412 683 2468 Occiso
698 2412 834 2466 Mezentio
844 2410 997 2465 Ascanium
1006 2409 1082 2464 >sicut

65 2483 208 2538 [Cacsar
230 2484 324 2539 sancit
346 2484 442 2538 Iulum
463 2490 584 2552 coeptum
607 2483 713 2550 occari,
736 2484 777 2537 oet
799 2484 880 2552 masi
902 2478 1028 2552 ἰοβόλον,
1050 2480 1081 2533 iet

66 2562 104 2610 est
130 2555 284 2625 saqittandi
306 2556 440 2624 peritum,
466 2556 508 2609 nel
535 2571 553 2608 a
575 2556 671 2624 prium
701 2556 800 2610 barbae
827 2554 971 2623 lanuqine,
999 2568 1081 2620 auam

66 2626 162 2681 ἴουλον
182 2625 283 2681 Graeci
300 2627 409 2693 dimmt,
429 2643 498 2695 auae
516 2627 542 2680 ei
558 2632 674 2695 tempore
691 2627 822 2681 uictoriae
838 2625 1023 2681 nascebatur.

139 2696 213 2768 Oria.
228 2703 297 2768 cent.
312 2697 391 2752 Rom.
407 2700 451 2764 15,
465 2700 490 2751 5.
510 2697 604 2767 Ieitur
617 2697 717 2752 Latini
730 2696 883 2752 Ascanium
901 2696 933 2750 ob
947 2695 1081 2763 imsiqnem

65 2769 191 2824 mitatem
208 2785 266 2823 non
283 2770 370 2824 sotum
383 2769 449 2823 Ioue
467 2774 556 2823 omum
574 2769 756 2835 aedidermrt,
773 2767 916 2823 sedetiam
930 2782 982 2834 per
999 2764 1080 2818 etimi-

65 2840 214 2906 nutionem,
230 2841 367 2895 declinato
381 2840 531 2908 paulutum
544 2840 661 2908 noman,
676 2841 769 2908 primo
781 2839 880 2894 Iobum
898 2833 1080 2904 (Iocutumi),

66 2910 131 2964 dein
144 2912 354 2978 reucolatum
372 2912 529 2980 appeticum
551 2929 569 2965 a
588 2927 641 2980 quo
658 2911 737 2965 Iulia
758 2910 872 2978 samitia
894 2907 1031 2975 nmnaoit,
1049 2911 1081 2960 ut

66 2981 188 3035 scribunt
207 2981 307 3037 Caesar
326 2984 371 3037 tib.
386 2983 425 3035 II
439 2989 464 3037 et
483 2981 550 3035 Oato
569 2982 600 3036 in
621 2981 789 3052 Oricinibus.

138 3051 252 3106 Firmic.
268 3053 341 3108 Mat.
357 3054 474 3108 Matius.
490 3053 584 3119 Praef.
605 3053 650 3106 lib.
665 3054 708 3107 11.
737 3053 790 3108 Sec
807 3068 857 3106 nec
874 3050 977 3119 aliquis
991 3065 1080 3118 paene

66 3122 233 3176 Latinarum
255 3123 289 3178 de
309 3125 361 3178 itae
383 3131 441 3180 arte
463 3125 646 3179 institutionis
669 3125 752 3178 libros
769 3123 880 3192 scripsit
902 3121 959 3175 nisi
974 3136 1080 3189 paucos

66 3209 159 3248 uersus
177 3193 270 3248 Iulius
290 3194 391 3249 Caesar
409 3202 434 3250 ct
451 3197 525 3264 ipsos
542 3201 633 3249 tamen
651 3195 684 3249 de
702 3195 792 3249 alieno
811 3210 889 3262 opere
906 3197 1051 3247 mutuatos.

137 3263 253 3318 Firmis.
268 3264 340 3319 Mat.
356 3266 474 3321 Matius.
494 3266 578 3332 VIII,
593 3269 618 3320 5.
656 3265 811 3321 Exsecutus
828 3271 867 3320 est
884 3265 966 3319 etiam
983 3264 1079 3317 omum

66 3336 186 3390 emeram
199 3352 343 3390 nunnerum
357 3336 459 3392 Graece
472 3338 587 3403 Aratus,
602 3343 684 3405 poeta
697 3337 900 3403 disertissimus,
918 3336 1003 3390 latine
1018 3345 1079 3388 uero

68 3406 170 3461 Caesar
187 3412 212 3461 et
229 3406 311 3461 decus
328 3407 494 3476 eloquentiae
515 3408 631 3462 Tullius.

141 3477 263 3532 Gramat.
278 3478 374 3532 Latin.
389 3480 429 3532 ed.
444 3480 556 3534 Lacum.
571 3479 597 3546 I,
610 3482 709 3545 2451.
732 3482 858 3545 246,16;
871 3482 916 3533 18.
940 3478 1061 3542 395,15.

141 3548 215 3619 Oria.
234 3556 304 3619 cent.
324 3549 442 3604 Roman.
462 3555 489 3618 9,
504 3555 529 3604 6.
553 3555 599 3616 10,
611 3553 637 3603 4.
662 3555 696 3603 11
702 3563 711 3616 ,
725 3552 750 3604 3.
774 3554 823 3617 15,
837 3554 862 3604 4.
886 3553 931 3615 16,
945 3552 970 3601 4.
993 3549 1039 3612 17,
1053 3548 1079 3598 3.

65 3623 114 3688 18,
127 3624 152 3675 5.
172 3623 218 3687 20,
232 3624 258 3675 3.
