2414 3968
398 217 474 272 our.
494 217 717 272 xvmr-xxu.
1030 221 1072 284 15

60 363 127 427 vim
154 361 293 426 telorum
321 363 446 427 adversi
474 362 683 446 sustinerent,
710 364 820 448 veriti,
847 387 887 429 ne
910 365 951 429 ab
978 369 1071 450 tergo

61 459 370 526 circumvenirentur
402 463 434 524 εὴ
465 459 608 525 discessu
640 462 771 525 navium
803 462 933 527 omnino
965 462 1071 527 reditu

59 557 358 641 intercluderentur,
381 558 593 622 munitionem
617 557 651 620 in
674 562 774 641 ponte
798 558 981 623 institutam
999 559 1071 623 reli-

59 659 200 740 querunt
214 659 247 719 et
260 675 377 739 magno
393 675 488 720 cursu
506 653 632 719 incitati
651 655 691 718 ad
710 677 806 719 naves
829 656 1071 721 contenderunt.

59 753 205 830 Quorum
227 773 301 835 pars
324 752 488 834 proximas
507 755 601 815 nacta
618 774 715 816 naves
738 752 946 818 multitudine
968 753 1106 818 homi-t

59 873 138 914 num
167 853 263 934 atque
291 870 386 913 onere
415 849 565 932 depressa
591 852 653 932 est,
680 871 755 932 pars
782 850 934 914 resistens
957 854 990 915 et
1015 850 1069 914 du·

61 946 177 1031 bitans,
201 945 279 1031 quid
301 949 386 1011 esset
409 945 599 1030 capiendum
622 945 758 1030 consilii,
781 947 821 1012 ab
843 946 1069 1012 Alexandrinis

58 1045 230 1110 interfecta
261 1047 326 1128 est3
359 1042 507 1107 nonnulli
538 1042 681 1107 feliciore
713 1044 802 1109 exitu
835 1045 998 1128 expeditas
1030 1045 1071 1108 ad

59 1165 208 1206 ancoram
232 1163 329 1206 naves
348 1139 513 1205 consecuti
535 1139 712 1204 incolumes
731 1141 954 1226 discesserunt,
976 1142 1071 1225 pauci

59 1239 214 1304 adlevatis
232 1239 333 1303 scutis
352 1240 385 1303 et
402 1238 509 1301 animo
529 1237 569 1300 ad
588 1237 767 1301 conandum
785 1239 848 1302 nisi
867 1239 907 1302 ad
923 1239 1071 1323 proxima

58 1337 189 1421 navigia
211 1335 413 1400 adnotarunt.

125 1432 212 1499 XXI.
245 1431 361 1498 Caesar
380 1432 486 1516 quoad
503 1432 611 1514 potuit
625 1431 821 1497 cohortando
840 1454 916 1497 suos
934 1434 974 1497 ad
992 1455 1068 1516 pon·
1089 1449 1103 1496 1

59 1536 126 1596 tem
149 1552 186 1595 ac
208 1529 405 1603 munitiones
429 1529 606 1614 continere,
637 1530 748 1593 eodem
774 1531 809 1594 in
835 1529 978 1614 periculo
1001 1553 1068 1595 ver-

59 1634 148 1694 satus
173 1633 235 1713 est3
258 1631 430 1711 postquam
453 1627 621 1691 universos
643 1627 754 1692 cedere
778 1627 1013 1711 animadvertit,
1034 1628 1069 1691 in

59 1748 154 1791 suum
181 1724 347 1810 navigium
374 1746 408 1789 se
435 1724 564 1807 recepit.
609 1724 680 1801 Quo
703 1724 877 1789 multitudo
900 1725 1104 1789 hominuma

58 1825 205 1889 insecuta
232 1843 305 1887 cum
331 1821 542 1905 inrumperet,
571 1844 675 1906 neque
699 1822 943 1886 administrandi
965 1845 1068 1907 neque

58 1918 234 2003 repellendi
258 1940 277 1981 a
299 1921 385 1981 terra
407 1916 543 1982 facultas
567 1918 708 2003 daretur,
731 1920 812 2004 fore,
836 1921 922 2005 quod
944 1921 1069 2005 accidit,

59 2016 241 2099 suspicatus
270 2035 339 2079 sese
367 2036 407 2079 ex
433 2015 563 2099 navigio
587 2017 680 2079 eiecit
707 2020 802 2101 atque
826 2017 956 2101 adeas,
986 2040 1067 2102 quae

58 2112 190 2197 longius
218 2110 442 2193 constiterant,
471 2133 568 2174 naves
596 2112 768 2177 adnatavit.
813 2112 899 2176 Hinc
928 2114 996 2176 suis
1025 2113 1104 2177 las

58 2207 251 2276 borantibus
274 2206 417 2271 subsidio
441 2205 576 2289 scaphas
599 2208 732 2272 mittens
750 2209 921 2273 nonnullos
945 2231 1068 2274 conser-

58 2307 156 2372 vavit.
201 2303 377 2388 Navigium
401 2302 530 2387 quidem
559 2303 627 2367 eius
653 2303 860 2369 multitudine
883 2306 1068 2388 depressum

59 2405 200 2470 militum
219 2422 375 2467 unacum
397 2399 583 2465 hominibus
606 2399 737 2463 interiit.
782 2398 853 2464 Hoc
871 2400 993 2483 proelio
1018 2401 1068 2465 de·
1086 2418 1105 2465 4

60 2501 193 2566 siderati
226 2504 302 2563 sunt
330 2520 369 2562 ex
396 2518 530 2562 numero
559 2497 808 2582 legionariorum
840 2497 981 2561 militum
1011 2498 1068 2562 cir-

59 2600 139 2664 citer
162 2613 247 2662 cccc
276 2600 308 2661 et
335 2594 431 2679 paulo
458 2595 544 2660 ultra
571 2616 645 2658 eum
667 2617 835 2660 numerum
859 2595 1013 2659 classiarii
1036 2599 1070 2660 et

57 2697 205 2781 remiges.
251 2693 463 2758 Alexandrini
481 2714 519 2757 eo
541 2691 612 2757 loco
632 2692 798 2756 castellum
817 2692 943 2776 magnis
966 2692 1067 2756 muni·
1087 2709 1104 2756 5

58 2793 201 2858 tionibus
215 2791 392 2875 multisque
405 2789 575 2854 tormentis
590 2790 821 2854 confirmarunt
835 2793 931 2873 atque
949 2789 1068 2873 egestis

59 2912 99 2954 ex
112 2876 202 2953 mari
229 2887 391 2971 lapidibus
413 2887 514 2952 libere
537 2889 613 2952 sunt
636 2887 686 2951 usi
713 2890 827 2971 postea
849 2886 889 2949 ad
911 2886 1069 2951 mittenda

58 2986 195 3070 navigia
1110 3042 1112 3047 ⁴

124 3079 227 3146 XXII.
263 3080 336 3147 Hoc
354 3082 546 3146 detrimento
569 3081 689 3146 milites
712 3080 817 3144 nostri
837 3084 963 3144 tantum
983 3081 1067 3145 afue-
1088 3101 1101 3145 r

57 3182 136 3243 runt
157 3180 195 3241 ut
215 3178 494 3262 perturbarentur,
521 3182 559 3242 ut
586 3177 828 3266 incensiatque
855 3177 980 3242 incitati
1002 3201 1067 3242 ma·

58 3296 139 3361 guas
167 3275 362 3340 accessiones
393 3275 528 3341 fecerint
555 3276 589 3339 in
617 3276 768 3360 operibus
798 3275 942 3341 hostium
971 3297 1068 3359 expu-

57 3370 202 3458 gnandis.
238 3369 278 3435 In
295 3373 427 3456 proeliis
447 3372 625 3458 cotidianis,
645 3373 909 3458 quandocumque
926 3373 994 3438 fors
1013 3374 1067 3437 ob·
1086 3390 1102 3436 2

57 3469 190 3552 tulerat,
219 3471 482 3551 procurrentibus
506 3474 538 3534 et
567 3471 808 3554 erumpentibus
830 3469 1068 3554 Alexandrinis,

56 3588 188 3632 manum
203 3617 209 3630 .
226 3568 516 3652 ...comprehendi
539 3568 678 3632 multum
702 3567 853 3652 operibus
872 3618 900 3632 ..
917 3618 945 3630 ..
965 3571 998 3631 et
1021 3588 1068 3630 ar·
