2414 3968
363 192 458 249 111.
476 191 740 250 xxxi-rrum.
874 261 876 266 ,
1005 193 1066 257 121

57 342 154 421 esset,
186 339 255 403 eius
286 339 394 403 verbis
425 338 576 403 nuntium
603 339 719 424 mittit,
751 362 824 405 eum
851 339 958 404 minus
986 338 1069 404 belle

57 436 188 500 habere:
211 440 249 500 ut
271 436 438 501 mitterent
460 435 616 518 lecticam,
640 458 703 521 qua
725 438 759 501 in
780 436 935 521 oppidum
954 436 1090 502 deferri

56 534 169 618 possit.
210 534 397 600 Lecticariis
416 535 524 599 missis
542 532 716 617 Pompeius
735 533 896 599 Carteiam
919 533 1070 599 defertur,
1089 550 1105 597 8

58 631 121 708 Qui
153 631 282 696 illarum
313 632 455 717 partium
485 631 628 696 fautores
660 636 781 715 essent,
813 632 1007 697 conveniunt
1036 633 1070 697 in

57 730 203 813 domum,
231 752 295 814 quo
324 733 393 795 erat
420 729 544 794 delatus
569 730 691 813 —qui
718 730 866 794 arbitrati
889 734 965 795 sunt
987 730 1070 795 clan-

56 826 166 891 culum
193 827 319 892 venisse
346 865 403 911 —,
435 830 472 890 ut
500 827 540 891 ab
568 848 619 910 eo,
649 849 730 911 quae
757 826 891 912 vellent,
919 827 957 892 de
984 827 1070 893 bello

54 924 265 1007 requirerent.
316 923 397 988 Cum
429 923 610 1008 frequentia
642 925 856 1009 convenisset,
874 924 926 991 ,de
958 924 1071 989 lectica

55 1022 231 1106 Pompeius
253 1045 365 1089 eorum
388 1023 422 1086 in
443 1023 541 1088 fidem
564 1021 720 1109 confugit.

123 1119 274 1185 XXXIII.
312 1120 428 1185 Caesar
450 1142 491 1184 ex
513 1118 636 1204 proelio
660 1119 788 1185 Mandu
809 1120 995 1185 munitione,
1012 1119 1104 1184 cir-1

57 1218 208 1282 cumdata
226 1217 408 1284 Cordubam
431 1218 528 1283 venit.
565 1217 628 1295 Qui
651 1240 691 1282 ex
709 1217 803 1282 caede
821 1240 859 1282 eo
877 1216 1071 1303 refugerant,

10 1379 14 1385 .
55 1320 189 1400 pontem
212 1320 418 1402 occuparimt.
460 1315 541 1380 Cum
564 1337 602 1380 eo
624 1319 757 1379 ventum
780 1318 874 1399 esset,
896 1315 1105 1379 convitiarer

56 1420 240 1500 coeperunt,
262 1438 322 1480 nos
345 1438 386 1479 ex
408 1413 530 1499 proelio
554 1434 673 1496 paucos
697 1434 876 1497 superesse;
900 1434 964 1496 quo
981 1412 1070 1497 fuge-

54 1512 186 1576 remus?
241 1510 292 1576 Ita
330 1533 473 1597 pugnare
510 1514 683 1595 coeperunt
719 1510 758 1575 de
794 1514 901 1594 ponte.
956 1508 1072 1574 Caesar
1114 1554 1117 1559 -

54 1609 176 1674 flumen
199 1610 326 1675 traiecit
350 1613 382 1674 et
405 1613 509 1674 castra
531 1609 648 1692 posuit.
695 1606 841 1692 Scapula,
866 1607 967 1690 totius
990 1608 1070 1673 sedi·
1089 1623 1105 1672 3

54 1706 156 1771 tionis
184 1708 211 1792 [,
240 1707 382 1772 familiae
410 1712 442 1772 et
468 1706 708 1790 libertinorum]
733 1709 849 1789 caput,
881 1727 921 1770 ex
948 1705 1070 1789 proelio

56 1802 241 1868 Cordubam
268 1827 341 1870 cum
368 1805 522 1888 venisset,
548 1803 706 1868 familiam
734 1807 767 1868 et
794 1801 930 1868 libertos
957 1825 1071 1867 convo·

55 1902 150 1984 cavit,
173 1924 286 1985 pyram
309 1903 373 1967 sibi
396 1902 552 1986 extruxit,
579 1923 691 1966 cenam
720 1900 839 1966 adferri
866 1922 962 1984 quam
990 1901 1071 1984 opti·

55 2020 144 2062 mam
162 1998 342 2084 imperavit,
360 2000 439 2063 item
456 1999 587 2083 optimis
602 1999 843 2063 instemendum
857 1999 1071 2062 vestimentis:

56 2095 227 2179 pecuniam
254 2100 287 2160 et
315 2100 484 2181 argentum
507 2097 541 2159 in
563 2096 745 2179 praesentia
766 2094 908 2159 familiae
931 2094 1070 2164 donavit.

56 2190 132 2274 Ipse
158 2192 196 2256 de
219 2195 363 2276 tempore
386 2195 492 2276 cenat,
518 2193 655 2258 resinam
681 2196 713 2257 et
735 2192 872 2256 nardum
897 2192 1107 2256 identidem4

57 2290 122 2354 sibi
145 2290 295 2354 infundit.
331 2289 383 2354 Ita
404 2289 580 2354 novissimo
603 2294 747 2372 tempore
770 2310 900 2354 servum
922 2289 1023 2353 iussit
1039 2293 1072 2353 et

56 2386 221 2472 libertum,
244 2387 298 2472 qui
322 2387 437 2452 fuisset
455 2387 524 2452 eius
543 2387 750 2470 concubinus,
772 2385 908 2451 alterum
927 2409 961 2450 se
980 2386 1071 2471 iugu-

56 2485 138 2569 lare,
161 2485 298 2565 alterum
321 2507 435 2570 pyram
458 2485 634 2550 incendere.

125 2581 293 2648 XXXIIII.
344 2580 506 2667 Oppidani
537 2585 659 2666 autem,
691 2582 789 2646 simul
821 2579 937 2645 Caesar
968 2586 1106 2647 castral

57 2686 171 2747 contra
194 2682 235 2745 ad
253 2681 409 2765 oppidum
426 2681 545 2765 posuit,
567 2679 748 2744 discordare
767 2683 951 2763 coeperunt,
970 2701 1073 2763 usque

60 2802 114 2862 eo,
146 2783 184 2843 ut
206 2778 327 2844 clamor
350 2778 383 2843 in
407 2782 512 2844 castra
534 2781 645 2843 nostra
667 2777 966 2862 perveniret†fere
988 2777 1073 2842 inter

59 2876 269 2942 Caesarianos
297 2880 330 2942 et
354 2877 439 2941 inter
460 2876 683 2960 Pompeianos.
728 2875 832 2940 Erant
853 2874 906 2939 hic
928 2875 1106 2960 legionesa

59 2975 143 3038 duae
159 2997 198 3039 ex
211 2975 356 3062 perfugis
371 2974 580 3058 conscriptae,
597 2973 717 3057 partim
731 2971 965 3057 oppidanorum
979 2973 1072 3053 servi,

59 3071 117 3155 qui
149 3075 240 3136 erant
271 3095 290 3135 a
322 3069 353 3136 S.
380 3070 535 3155 Pompeio
567 3072 772 3155 manumissi3
808 3071 864 3156 qui
895 3071 929 3134 in
961 3069 1071 3136 Gaesa-

57 3169 105 3232 ris
136 3167 309 3233 adventum
340 3169 510 3235 dissentire
537 3173 718 3253 coeperunt.
743 3167 864 3254 Legio
891 3186 955 3232 xm
982 3170 1105 3253 oppia

61 3265 139 3329 dum
158 3265 326 3331 defendere
344 3267 459 3351 coepit,
476 3288 525 3350 ne,
544 3289 617 3331 cum
636 3267 700 3330 iam
719 3266 948 3351 depugnarent,
966 3269 1071 3329 turres

60 3385 101 3428 ex
129 3367 220 3446 parte
248 3367 281 3428 et
307 3385 435 3428 murum
463 3368 663 3448 occuparent.
712 3363 852 3433 Demum
878 3363 1003 3448 legatos
1031 3362 1106 3426 ade

60 3459 230 3525 Gaesarem
243 3461 387 3545 mittunt,
400 3466 437 3526 ut
450 3462 513 3526 sibi
526 3461 670 3548 legiones
680 3461 823 3526 subsidio
833 3462 1073 3526 intromitteret.

58 3557 132 3623 Hoc
160 3579 233 3622 cum
261 3558 551 3624 animadverterent
577 3559 724 3624 homines
747 3558 892 3644 fugitivi,
919 3558 1072 3642 oppidum
