<?xml version="1.0" encoding="UTF-8"?>
<!DOCTYPE html PUBLIC "-//W3C//DTD XHTML 1.0 Transitional//EN"
    "http://www.w3.org/TR/xhtml1/DTD/xhtml1-transitional.dtd">
<html xmlns="http://www.w3.org/1999/xhtml" xml:lang="en" lang="en">
 <head>
  <title>
</title>
<meta http-equiv="Content-Type" content="text/html;charset=utf-8" />
  <meta name='ocr-system' content='tesseract 3.04.00' />
  <meta name='ocr-capabilities' content='ocr_page ocr_carea ocr_par ocr_line ocrx_word'/>
</head>
<body>
  <div class='ocr_page' id='page_1' title='image "./commentariicuma00wlgoog_0131.png"; bbox 0 0 2414 3968; ppageno 0'>
   <div class='ocr_carea' id='block_1_1' title="bbox 143 175 811 244">
    <p class='ocr_par' dir='ltr' id='par_1_1' title="bbox 143 175 811 244">
     <span class='ocr_line' id='line_1_1' title="bbox 143 175 811 244; baseline -0.001 -13"><span class='ocrx_word' id='word_1_1' title='bbox 143 180 185 244; x_wconf 78' lang='lat'>82</span> <span class='ocrx_word' id='word_1_2' title='bbox 475 176 623 233; x_wconf 82' lang='lat' dir='ltr'><strong>BELLUM</strong></span> <span class='ocrx_word' id='word_1_3' title='bbox 642 175 811 231; x_wconf 72' lang='lat' dir='ltr'>araldum.</span> 
     </span>
    </p>
   </div>
   <div class='ocr_carea' id='block_1_2' title="bbox 107 321 1163 3412">
    <p class='ocr_par' dir='ltr' id='par_1_2' title="bbox 107 321 1163 3412">
     <span class='ocr_line' id='line_1_2' title="bbox 143 321 1159 409; baseline -0.002 -21"><span class='ocrx_word' id='word_1_4' title='bbox 143 329 295 409; x_wconf 80' lang='lat' dir='ltr'>armatae3</span> <span class='ocrx_word' id='word_1_5' title='bbox 326 324 428 388; x_wconf 88' lang='lat' dir='ltr'>eidem</span> <span class='ocrx_word' id='word_1_6' title='bbox 457 328 563 387; x_wconf 89' lang='lat' dir='ltr'>autem</span> <span class='ocrx_word' id='word_1_7' title='bbox 591 322 708 407; x_wconf 90' lang='lat' dir='ltr'>oppido</span> <span class='ocrx_word' id='word_1_8' title='bbox 737 322 777 385; x_wconf 89' lang='lat' dir='ltr'>ad</span> <span class='ocrx_word' id='word_1_9' title='bbox 801 321 950 386; x_wconf 85' lang='lat' dir='ltr'>dextrum</span> <span class='ocrx_word' id='word_1_10' title='bbox 972 321 1066 386; x_wconf 87' lang='lat' dir='ltr'>latus</span> <span class='ocrx_word' id='word_1_11' title='bbox 1091 323 1159 386; x_wconf 92' lang='lat' dir='ltr'>eius</span> 
     </span>
     <span class='ocr_line' id='line_1_3' title="bbox 143 419 1158 504; baseline -0.004 -18"><span class='ocrx_word' id='word_1_12' title='bbox 143 443 242 486; x_wconf 90' lang='lat' dir='ltr'>cornu</span> <span class='ocrx_word' id='word_1_13' title='bbox 275 425 343 484; x_wconf 88' lang='lat' dir='ltr'>erat</span> <span class='ocrx_word' id='word_1_14' title='bbox 376 420 574 504; x_wconf 92' lang='lat' dir='ltr'>oppositum,</span> <span class='ocrx_word' id='word_1_15' title='bbox 605 419 851 503; x_wconf 83' lang='lat' dir='ltr'>verebaturque,</span> <span class='ocrx_word' id='word_1_16' title='bbox 878 441 932 502; x_wconf 93' lang='lat' dir='ltr'>nc,</span> <span class='ocrx_word' id='word_1_17' title='bbox 962 419 991 482; x_wconf 89' lang='lat' dir='ltr'>si</span> <span class='ocrx_word' id='word_1_18' title='bbox 1014 422 1158 502; x_wconf 88' lang='lat' dir='ltr'>praeter-</span> 
     </span>
     <span class='ocr_line' id='line_1_4' title="bbox 142 515 1158 605; baseline -0.004 -22"><span class='ocrx_word' id='word_1_19' title='bbox 142 541 271 605; x_wconf 82' lang='lat' dir='ltr'>gressus</span> <span class='ocrx_word' id='word_1_20' title='bbox 290 521 387 601; x_wconf 90' lang='lat' dir='ltr'>esset,</span> <span class='ocrx_word' id='word_1_21' title='bbox 410 540 450 581; x_wconf 90' lang='lat' dir='ltr'>ex</span> <span class='ocrx_word' id='word_1_22' title='bbox 469 516 587 600; x_wconf 90' lang='lat' dir='ltr'>oppido</span> <span class='ocrx_word' id='word_1_23' title='bbox 606 517 774 599; x_wconf 81' lang='lat' dir='ltr'>eruptione</span> <span class='ocrx_word' id='word_1_24' title='bbox 792 516 878 579; x_wconf 85' lang='lat' dir='ltr'>facta</span> <span class='ocrx_word' id='word_1_25' title='bbox 900 515 940 579; x_wconf 90' lang='lat' dir='ltr'>ab</span> <span class='ocrx_word' id='word_1_26' title='bbox 963 515 1069 580; x_wconf 86' lang='lat' dir='ltr'>latere</span> <span class='ocrx_word' id='word_1_27' title='bbox 1085 537 1158 580; x_wconf 91' lang='lat' dir='ltr'>eum</span> 
     </span>
     <span class='ocr_line' id='line_1_5' title="bbox 107 612 1159 697; baseline -0.005 -17"><span class='ocrx_word' id='word_1_28' title='bbox 107 633 124 680; x_wconf 80' lang='lat'><strong>5</strong></span> <span class='ocrx_word' id='word_1_29' title='bbox 143 617 246 680; x_wconf 92' lang='lat' dir='ltr'>adorti</span> <span class='ocrx_word' id='word_1_30' title='bbox 270 614 480 679; x_wconf 88' lang='lat' dir='ltr'>conciderent.</span> <span class='ocrx_word' id='word_1_31' title='bbox 516 612 686 677; x_wconf 88' lang='lat' dir='ltr'>Praeterea</span> <span class='ocrx_word' id='word_1_32' title='bbox 707 613 786 677; x_wconf 89' lang='lat' dir='ltr'>haec</span> <span class='ocrx_word' id='word_1_33' title='bbox 810 633 938 697; x_wconf 91' lang='lat' dir='ltr'>quoque</span> <span class='ocrx_word' id='word_1_34' title='bbox 960 634 1037 676; x_wconf 90' lang='lat' dir='ltr'>eum</span> <span class='ocrx_word' id='word_1_35' title='bbox 1061 635 1159 678; x_wconf 87' lang='lat' dir='ltr'>causa</span> 
     </span>
     <span class='ocr_line' id='line_1_6' title="bbox 142 708 1158 796; baseline -0.003 -19"><span class='ocrx_word' id='word_1_36' title='bbox 142 713 294 796; x_wconf 80' lang='lat' dir='ltr'>tardavit,</span> <span class='ocrx_word' id='word_1_37' title='bbox 327 712 413 796; x_wconf 93' lang='lat' dir='ltr'>quod</span> <span class='ocrx_word' id='word_1_38' title='bbox 440 714 509 775; x_wconf 88' lang='lat' dir='ltr'>erat</span> <span class='ocrx_word' id='word_1_39' title='bbox 539 710 629 774; x_wconf 90' lang='lat' dir='ltr'>locus</span> <span class='ocrx_word' id='word_1_40' title='bbox 658 710 787 794; x_wconf 92' lang='lat' dir='ltr'>quidam</span> <span class='ocrx_word' id='word_1_41' title='bbox 818 708 1053 793; x_wconf 87' lang='lat' dir='ltr'>perimpeditus</span> <span class='ocrx_word' id='word_1_42' title='bbox 1084 714 1158 774; x_wconf 90' lang='lat' dir='ltr'>ante</span> 
     </span>
     <span class='ocr_line' id='line_1_7' title="bbox 143 804 1158 893; baseline -0.005 -19"><span class='ocrx_word' id='word_1_43' title='bbox 143 811 242 874; x_wconf 92' lang='lat' dir='ltr'>aciem</span> <span class='ocrx_word' id='word_1_44' title='bbox 267 809 426 892; x_wconf 84' lang='lat' dir='ltr'>Scipionis</span> <span class='ocrx_word' id='word_1_45' title='bbox 432 861 440 893; x_wconf 86' lang='lat'>,</span> <span class='ocrx_word' id='word_1_46' title='bbox 469 829 563 890; x_wconf 89' lang='lat' dir='ltr'>quem</span> <span class='ocrx_word' id='word_1_47' title='bbox 587 807 654 871; x_wconf 88' lang='lat' dir='ltr'>suis</span> <span class='ocrx_word' id='word_1_48' title='bbox 677 805 905 890; x_wconf 89' lang='lat' dir='ltr'>impedimento</span> <span class='ocrx_word' id='word_1_49' title='bbox 929 805 969 869; x_wconf 87' lang='lat' dir='ltr'>ad</span> <span class='ocrx_word' id='word_1_50' title='bbox 992 804 1084 870; x_wconf 87' lang='lat' dir='ltr'>ultro</span> <span class='ocrx_word' id='word_1_51' title='bbox 1109 827 1158 870; x_wconf 90' lang='lat' dir='ltr'>oc-</span> 
     </span>
     <span class='ocr_line' id='line_1_8' title="bbox 144 904 662 972; baseline -0.012 0"><span class='ocrx_word' id='word_1_52' title='bbox 144 906 335 972; x_wconf 83' lang='lat' dir='ltr'>currendum</span> <span class='ocrx_word' id='word_1_53' title='bbox 358 905 426 969; x_wconf 88' lang='lat' dir='ltr'>fore</span> <span class='ocrx_word' id='word_1_54' title='bbox 451 904 662 968; x_wconf 90' lang='lat' dir='ltr'>existimabat.</span> 
     </span>
     <span class='ocr_line' id='line_1_9' title="bbox 109 998 1157 1084; baseline -0.004 -17"><span class='ocrx_word' id='word_1_55' title='bbox 109 1020 123 1067; x_wconf 93' lang='lat'>1</span> <span class='ocrx_word' id='word_1_56' title='bbox 208 999 343 1066; x_wconf 87' lang='lat' dir='ltr'><strong>LVIIII.</strong></span> <span class='ocrx_word' id='word_1_57' title='bbox 370 998 404 1065; x_wconf 93' lang='lat' dir='ltr'>N</span> <span class='ocrx_word' id='word_1_58' title='bbox 405 1022 446 1064; x_wconf 92' lang='lat' dir='ltr'>on</span> <span class='ocrx_word' id='word_1_59' title='bbox 461 1001 600 1064; x_wconf 76' lang='lat' dir='ltr'>arbitror</span> <span class='ocrx_word' id='word_1_60' title='bbox 613 1022 682 1064; x_wconf 87' lang='lat' dir='ltr'>esse</span> <span class='ocrx_word' id='word_1_61' title='bbox 696 999 1027 1084; x_wconf 85' lang='lat' dir='ltr'>praetermittendum,</span> <span class='ocrx_word' id='word_1_62' title='bbox 1047 1021 1157 1084; x_wconf 90' lang='lat' dir='ltr'>quem-</span> 
     </span>
     <span class='ocr_line' id='line_1_10' title="bbox 145 1097 1156 1180; baseline -0.002 -17"><span class='ocrx_word' id='word_1_63' title='bbox 145 1099 317 1163; x_wconf 82' lang='lat' dir='ltr'>admodum</span> <span class='ocrx_word' id='word_1_64' title='bbox 331 1098 489 1162; x_wconf 89' lang='lat' dir='ltr'>exercitus</span> <span class='ocrx_word' id='word_1_65' title='bbox 504 1098 671 1180; x_wconf 90' lang='lat' dir='ltr'>utriusque</span> <span class='ocrx_word' id='word_1_66' title='bbox 687 1097 807 1161; x_wconf 83' lang='lat' dir='ltr'>fuerint</span> <span class='ocrx_word' id='word_1_67' title='bbox 826 1098 859 1161; x_wconf 92' lang='lat' dir='ltr'>in</span> <span class='ocrx_word' id='word_1_68' title='bbox 874 1097 974 1162; x_wconf 90' lang='lat' dir='ltr'>aciem</span> <span class='ocrx_word' id='word_1_69' title='bbox 992 1097 1156 1161; x_wconf 84' lang='lat' dir='ltr'>instructi</span> 
     </span>
     <span class='ocr_line' id='line_1_11' title="bbox 109 1192 1157 1279; baseline -0.002 -19"><span class='ocrx_word' id='word_1_70' title='bbox 109 1213 125 1261; x_wconf 78' lang='lat'>2</span> <span class='ocrx_word' id='word_1_71' title='bbox 149 1194 256 1279; x_wconf 82' lang='lat' dir='ltr'>Scipio</span> <span class='ocrx_word' id='word_1_72' title='bbox 279 1194 341 1259; x_wconf 90' lang='lat' dir='ltr'>hoc</span> <span class='ocrx_word' id='word_1_73' title='bbox 363 1194 458 1258; x_wconf 90' lang='lat' dir='ltr'>modo</span> <span class='ocrx_word' id='word_1_74' title='bbox 482 1195 582 1259; x_wconf 89' lang='lat' dir='ltr'>aciem</span> <span class='ocrx_word' id='word_1_75' title='bbox 602 1194 731 1258; x_wconf 89' lang='lat' dir='ltr'>derexit.</span> <span class='ocrx_word' id='word_1_76' title='bbox 778 1192 968 1259; x_wconf 77' lang='lat' dir='ltr'>Conlocarat</span> <span class='ocrx_word' id='word_1_77' title='bbox 989 1193 1026 1257; x_wconf 91' lang='lat' dir='ltr'>in</span> <span class='ocrx_word' id='word_1_78' title='bbox 1047 1193 1157 1258; x_wconf 88' lang='lat' dir='ltr'>fronte</span> 
     </span>
     <span class='ocr_line' id='line_1_12' title="bbox 145 1289 1157 1375; baseline 0.001 -20"><span class='ocrx_word' id='word_1_79' title='bbox 145 1313 219 1355; x_wconf 88' lang='lat' dir='ltr'>suas</span> <span class='ocrx_word' id='word_1_80' title='bbox 247 1295 280 1355; x_wconf 91' lang='lat' dir='ltr'>et</span> <span class='ocrx_word' id='word_1_81' title='bbox 306 1289 404 1354; x_wconf 88' lang='lat' dir='ltr'>Iubae</span> <span class='ocrx_word' id='word_1_82' title='bbox 432 1290 589 1375; x_wconf 86' lang='lat' dir='ltr'>legiones,</span> <span class='ocrx_word' id='word_1_83' title='bbox 616 1295 690 1374; x_wconf 92' lang='lat' dir='ltr'>post</span> <span class='ocrx_word' id='word_1_84' title='bbox 717 1313 770 1355; x_wconf 89' lang='lat' dir='ltr'>eas</span> <span class='ocrx_word' id='word_1_85' title='bbox 798 1294 905 1354; x_wconf 90' lang='lat' dir='ltr'>autem</span> <span class='ocrx_word' id='word_1_86' title='bbox 931 1289 1096 1356; x_wconf 86' lang='lat' dir='ltr'>Numidas</span> <span class='ocrx_word' id='word_1_87' title='bbox 1124 1293 1157 1356; x_wconf 92' lang='lat' dir='ltr'>in</span> 
     </span>
     <span class='ocr_line' id='line_1_13' title="bbox 145 1387 1157 1472; baseline 0 -19"><span class='ocrx_word' id='word_1_88' title='bbox 145 1388 336 1453; x_wconf 84' lang='lat' dir='ltr'>subsidiaria</span> <span class='ocrx_word' id='word_1_89' title='bbox 359 1388 425 1453; x_wconf 87' lang='lat' dir='ltr'>acie</span> <span class='ocrx_word' id='word_1_90' title='bbox 448 1388 495 1452; x_wconf 89' lang='lat' dir='ltr'>ita</span> <span class='ocrx_word' id='word_1_91' title='bbox 517 1391 705 1452; x_wconf 88' lang='lat' dir='ltr'>extenuatos</span> <span class='ocrx_word' id='word_1_92' title='bbox 729 1391 761 1452; x_wconf 89' lang='lat' dir='ltr'>et</span> <span class='ocrx_word' id='word_1_93' title='bbox 786 1387 821 1451; x_wconf 92' lang='lat' dir='ltr'>in</span> <span class='ocrx_word' id='word_1_94' title='bbox 842 1387 1083 1472; x_wconf 83' lang='lat' dir='ltr'>longitudinem</span> <span class='ocrx_word' id='word_1_95' title='bbox 1108 1388 1157 1453; x_wconf 90' lang='lat' dir='ltr'>de·</span> 
     </span>
     <span class='ocr_line' id='line_1_14' title="bbox 145 1484 1157 1570; baseline 0.001 -20"><span class='ocrx_word' id='word_1_96' title='bbox 145 1490 259 1570; x_wconf 92' lang='lat' dir='ltr'>rectos,</span> <span class='ocrx_word' id='word_1_97' title='bbox 281 1488 318 1550; x_wconf 93' lang='lat' dir='ltr'>ut</span> <span class='ocrx_word' id='word_1_98' title='bbox 340 1484 454 1570; x_wconf 91' lang='lat' dir='ltr'>procul</span> <span class='ocrx_word' id='word_1_99' title='bbox 476 1484 613 1568; x_wconf 88' lang='lat' dir='ltr'>simplex</span> <span class='ocrx_word' id='word_1_100' title='bbox 635 1507 703 1550; x_wconf 93' lang='lat' dir='ltr'>esse</span> <span class='ocrx_word' id='word_1_101' title='bbox 723 1484 806 1548; x_wconf 87' lang='lat' dir='ltr'>acies</span> <span class='ocrx_word' id='word_1_102' title='bbox 828 1484 933 1548; x_wconf 89' lang='lat' dir='ltr'>media</span> <span class='ocrx_word' id='word_1_103' title='bbox 950 1485 990 1548; x_wconf 89' lang='lat' dir='ltr'>ab</span> <span class='ocrx_word' id='word_1_104' title='bbox 1013 1485 1157 1570; x_wconf 89' lang='lat' dir='ltr'>legiona-</span> 
     </span>
     <span class='ocr_line' id='line_1_15' title="bbox 144 1581 1158 1666; baseline 0.001 -18"><span class='ocrx_word' id='word_1_105' title='bbox 144 1584 201 1648; x_wconf 88' lang='lat' dir='ltr'>riis</span> <span class='ocrx_word' id='word_1_106' title='bbox 219 1582 378 1646; x_wconf 89' lang='lat' dir='ltr'>militibus</span> <span class='ocrx_word' id='word_1_107' title='bbox 396 1581 559 1645; x_wconf 82' lang='lat' dir='ltr'>videretur</span> <span class='ocrx_word' id='word_1_108' title='bbox 582 1582 629 1666; x_wconf 93' lang='lat' dir='ltr'>[in</span> <span class='ocrx_word' id='word_1_109' title='bbox 648 1582 798 1646; x_wconf 90' lang='lat' dir='ltr'>cornibus</span> <span class='ocrx_word' id='word_1_110' title='bbox 817 1585 924 1645; x_wconf 89' lang='lat' dir='ltr'>autem</span> <span class='ocrx_word' id='word_1_111' title='bbox 948 1581 1069 1665; x_wconf 87' lang='lat' dir='ltr'>duplex</span> <span class='ocrx_word' id='word_1_112' title='bbox 1088 1605 1158 1648; x_wconf 86' lang='lat' dir='ltr'>esse</span> 
     </span>
     <span class='ocr_line' id='line_1_16' title="bbox 111 1676 1158 1762; baseline 0.001 -17"><span class='ocrx_word' id='word_1_113' title='bbox 111 1677 414 1761; x_wconf 71' lang='lat' dir='ltr'>aexistimabatur}</span> <span class='ocrx_word' id='word_1_114' title='bbox 463 1676 662 1761; x_wconf 84' lang='lat' dir='ltr'>Elephantos</span> <span class='ocrx_word' id='word_1_115' title='bbox 690 1679 801 1742; x_wconf 87' lang='lat' dir='ltr'>dextro</span> <span class='ocrx_word' id='word_1_116' title='bbox 832 1678 1028 1762; x_wconf 87' lang='lat' dir='ltr'>sinistroque</span> <span class='ocrx_word' id='word_1_117' title='bbox 1056 1701 1158 1745; x_wconf 89' lang='lat' dir='ltr'>cornu</span> 
     </span>
     <span class='ocr_line' id='line_1_17' title="bbox 147 1773 1158 1858; baseline 0.002 -18"><span class='ocrx_word' id='word_1_118' title='bbox 147 1776 367 1840; x_wconf 78' lang='lat' dir='ltr'>conlocauerat</span> <span class='ocrx_word' id='word_1_119' title='bbox 394 1773 580 1858; x_wconf 83' lang='lat' dir='ltr'>aequalibus</span> <span class='ocrx_word' id='word_1_120' title='bbox 608 1776 693 1840; x_wconf 89' lang='lat' dir='ltr'>inter</span> <span class='ocrx_word' id='word_1_121' title='bbox 719 1797 773 1839; x_wconf 91' lang='lat' dir='ltr'>eos</span> <span class='ocrx_word' id='word_1_122' title='bbox 802 1773 981 1839; x_wconf 76' lang='lat' dir='ltr'>intervallis</span> <span class='ocrx_word' id='word_1_123' title='bbox 1008 1775 1158 1842; x_wconf 88' lang='lat' dir='ltr'>interiec-</span> 
     </span>
     <span class='ocr_line' id='line_1_18' title="bbox 147 1868 1158 1959; baseline 0.004 -24"><span class='ocrx_word' id='word_1_124' title='bbox 147 1873 199 1955; x_wconf 92' lang='lat' dir='ltr'>tis,</span> <span class='ocrx_word' id='word_1_125' title='bbox 219 1875 294 1955; x_wconf 92' lang='lat' dir='ltr'>post</span> <span class='ocrx_word' id='word_1_126' title='bbox 313 1874 419 1934; x_wconf 89' lang='lat' dir='ltr'>autem</span> <span class='ocrx_word' id='word_1_127' title='bbox 433 1868 619 1952; x_wconf 87' lang='lat' dir='ltr'>elephantos</span> <span class='ocrx_word' id='word_1_128' title='bbox 633 1875 810 1936; x_wconf 89' lang='lat' dir='ltr'>armaturas</span> <span class='ocrx_word' id='word_1_129' title='bbox 827 1871 914 1935; x_wconf 83' lang='lat' dir='ltr'>leves</span> <span class='ocrx_word' id='word_1_130' title='bbox 931 1870 1158 1959; x_wconf 84' lang='lat' dir='ltr'>Numidasque</span> 
     </span>
     <span class='ocr_line' id='line_1_19' title="bbox 111 1965 1158 2050; baseline 0.001 -16"><span class='ocrx_word' id='word_1_131' title='bbox 111 1968 319 2034; x_wconf 85' lang='lat' dir='ltr'>4auxiliares</span> <span class='ocrx_word' id='word_1_132' title='bbox 351 1967 570 2031; x_wconf 85' lang='lat' dir='ltr'>substituerat.</span> <span class='ocrx_word' id='word_1_133' title='bbox 613 1965 805 2050; x_wconf 81' lang='lat' dir='ltr'>Equitatum</span> <span class='ocrx_word' id='word_1_134' title='bbox 836 1967 997 2032; x_wconf 83' lang='lat' dir='ltr'>frenatum</span> <span class='ocrx_word' id='word_1_135' title='bbox 1029 1971 1158 2037; x_wconf 84' lang='lat' dir='ltr'>univer·</span> 
     </span>
     <span class='ocr_line' id='line_1_20' title="bbox 147 2062 1159 2147; baseline 0.003 -18"><span class='ocrx_word' id='word_1_136' title='bbox 147 2087 220 2130; x_wconf 91' lang='lat' dir='ltr'>sum</span> <span class='ocrx_word' id='word_1_137' title='bbox 242 2065 276 2129; x_wconf 90' lang='lat' dir='ltr'>in</span> <span class='ocrx_word' id='word_1_138' title='bbox 299 2086 357 2128; x_wconf 91' lang='lat' dir='ltr'>suc</span> <span class='ocrx_word' id='word_1_139' title='bbox 382 2065 494 2128; x_wconf 88' lang='lat' dir='ltr'>dextro</span> <span class='ocrx_word' id='word_1_140' title='bbox 518 2084 616 2128; x_wconf 89' lang='lat' dir='ltr'>cornu</span> <span class='ocrx_word' id='word_1_141' title='bbox 640 2062 853 2147; x_wconf 87' lang='lat' dir='ltr'>disposuerat:</span> <span class='ocrx_word' id='word_1_142' title='bbox 877 2064 1046 2130; x_wconf 89' lang='lat' dir='ltr'>sinistrum</span> <span class='ocrx_word' id='word_1_143' title='bbox 1070 2068 1159 2132; x_wconf 90' lang='lat' dir='ltr'>enim</span> 
     </span>
     <span class='ocr_line' id='line_1_21' title="bbox 147 2159 1159 2246; baseline 0.003 -19"><span class='ocrx_word' id='word_1_144' title='bbox 147 2184 246 2227; x_wconf 90' lang='lat' dir='ltr'>cornu</span> <span class='ocrx_word' id='word_1_145' title='bbox 273 2161 390 2246; x_wconf 91' lang='lat' dir='ltr'>oppido</span> <span class='ocrx_word' id='word_1_146' title='bbox 417 2160 525 2226; x_wconf 85' lang='lat' dir='ltr'>Uzita</span> <span class='ocrx_word' id='word_1_147' title='bbox 541 2159 759 2245; x_wconf 82' lang='lat' dir='ltr'>claudebatur,</span> <span class='ocrx_word' id='word_1_148' title='bbox 786 2183 890 2246; x_wconf 87' lang='lat' dir='ltr'>neque</span> <span class='ocrx_word' id='word_1_149' title='bbox 917 2165 986 2226; x_wconf 90' lang='lat' dir='ltr'>erat</span> <span class='ocrx_word' id='word_1_150' title='bbox 1013 2164 1159 2246; x_wconf 89' lang='lat' dir='ltr'>spatium</span> 
     </span>
     <span class='ocr_line' id='line_1_22' title="bbox 112 2256 1159 2345; baseline 0.001 -20"><span class='ocrx_word' id='word_1_151' title='bbox 112 2277 128 2325; x_wconf 87' lang='lat'>5</span> <span class='ocrx_word' id='word_1_152' title='bbox 148 2260 310 2345; x_wconf 88' lang='lat' dir='ltr'>equitatus</span> <span class='ocrx_word' id='word_1_153' title='bbox 334 2258 521 2343; x_wconf 89' lang='lat' dir='ltr'>explicandi.</span> <span class='ocrx_word' id='word_1_154' title='bbox 546 2257 547 2260; x_wconf 68' lang='grc'>’</span> <span class='ocrx_word' id='word_1_155' title='bbox 566 2256 735 2321; x_wconf 86' lang='lat' dir='ltr'>Praeterea</span> <span class='ocrx_word' id='word_1_156' title='bbox 755 2257 915 2324; x_wconf 88' lang='lat' dir='ltr'>Numidas</span> <span class='ocrx_word' id='word_1_157' title='bbox 939 2257 1086 2344; x_wconf 86' lang='lat' dir='ltr'>levisque</span> <span class='ocrx_word' id='word_1_158' title='bbox 1111 2284 1159 2326; x_wconf 88' lang='lat' dir='ltr'>ar·</span> 
     </span>
     <span class='ocr_line' id='line_1_23' title="bbox 146 2354 1159 2440; baseline 0.002 -19"><span class='ocrx_word' id='word_1_159' title='bbox 146 2361 291 2422; x_wconf 89' lang='lat' dir='ltr'>maturae</span> <span class='ocrx_word' id='word_1_160' title='bbox 323 2357 482 2420; x_wconf 90' lang='lat' dir='ltr'>infinitam</span> <span class='ocrx_word' id='word_1_161' title='bbox 513 2354 753 2419; x_wconf 88' lang='lat' dir='ltr'>multitudinem</span> <span class='ocrx_word' id='word_1_162' title='bbox 784 2356 824 2419; x_wconf 88' lang='lat' dir='ltr'>ad</span> <span class='ocrx_word' id='word_1_163' title='bbox 853 2355 998 2420; x_wconf 87' lang='lat' dir='ltr'>dextram</span> <span class='ocrx_word' id='word_1_164' title='bbox 1028 2362 1159 2440; x_wconf 88' lang='lat' dir='ltr'>partem</span> 
     </span>
     <span class='ocr_line' id='line_1_24' title="bbox 148 2452 1160 2538; baseline 0.003 -20"><span class='ocrx_word' id='word_1_165' title='bbox 148 2476 224 2518; x_wconf 90' lang='lat' dir='ltr'>suae</span> <span class='ocrx_word' id='word_1_166' title='bbox 247 2454 327 2518; x_wconf 89' lang='lat' dir='ltr'>aciei</span> <span class='ocrx_word' id='word_1_167' title='bbox 351 2457 543 2538; x_wconf 88' lang='lat' dir='ltr'>opposuerat</span> <span class='ocrx_word' id='word_1_168' title='bbox 569 2452 635 2516; x_wconf 85' lang='lat' dir='ltr'>fere</span> <span class='ocrx_word' id='word_1_169' title='bbox 659 2452 825 2516; x_wconf 90' lang='lat' dir='ltr'>interiecto</span> <span class='ocrx_word' id='word_1_170' title='bbox 848 2474 913 2516; x_wconf 92' lang='lat' dir='ltr'>non</span> <span class='ocrx_word' id='word_1_171' title='bbox 935 2452 1045 2517; x_wconf 91' lang='lat' dir='ltr'>minus</span> <span class='ocrx_word' id='word_1_172' title='bbox 1068 2456 1160 2521; x_wconf 85' lang='lat' dir='ltr'>mille</span> 
     </span>
     <span class='ocr_line' id='line_1_25' title="bbox 147 2547 1161 2635; baseline 0.003 -20"><span class='ocrx_word' id='word_1_173' title='bbox 147 2572 300 2635; x_wconf 90' lang='lat' dir='ltr'>passuum</span> <span class='ocrx_word' id='word_1_174' title='bbox 328 2551 433 2634; x_wconf 91' lang='lat' dir='ltr'>spatio</span> <span class='ocrx_word' id='word_1_175' title='bbox 461 2553 494 2613; x_wconf 92' lang='lat' dir='ltr'>et</span> <span class='ocrx_word' id='word_1_176' title='bbox 521 2548 561 2611; x_wconf 92' lang='lat' dir='ltr'>ad</span> <span class='ocrx_word' id='word_1_177' title='bbox 588 2547 679 2612; x_wconf 90' lang='lat' dir='ltr'>collis</span> <span class='ocrx_word' id='word_1_178' title='bbox 706 2548 839 2612; x_wconf 79' lang='lat' dir='ltr'>radices·</span> <span class='ocrx_word' id='word_1_179' title='bbox 855 2548 959 2633; x_wconf 87' lang='lat' dir='ltr'>magis</span> <span class='ocrx_word' id='word_1_180' title='bbox 988 2549 1161 2634; x_wconf 88' lang='lat' dir='ltr'>adpulerat</span> 
     </span>
     <span class='ocr_line' id='line_1_26' title="bbox 146 2645 1160 2733; baseline 0.004 -22"><span class='ocrx_word' id='word_1_181' title='bbox 146 2647 340 2733; x_wconf 82' lang='lat' dir='ltr'>longiusque</span> <span class='ocrx_word' id='word_1_182' title='bbox 364 2645 403 2709; x_wconf 89' lang='lat' dir='ltr'>ab</span> <span class='ocrx_word' id='word_1_183' title='bbox 432 2645 685 2709; x_wconf 86' lang='lat' dir='ltr'>adversariorum</span> <span class='ocrx_word' id='word_1_184' title='bbox 713 2646 843 2730; x_wconf 91' lang='lat' dir='ltr'>suisque</span> <span class='ocrx_word' id='word_1_185' title='bbox 866 2646 967 2729; x_wconf 91' lang='lat' dir='ltr'>copiis</span> <span class='ocrx_word' id='word_1_186' title='bbox 989 2668 1160 2730; x_wconf 83' lang='lat' dir='ltr'>promove-</span> 
     </span>
     <span class='ocr_line' id='line_1_27' title="bbox 147 2740 1160 2828; baseline 0.003 -20"><span class='ocrx_word' id='word_1_187' title='bbox 147 2745 213 2828; x_wconf 88' lang='lat' dir='ltr'>bat,</span> <span class='ocrx_word' id='word_1_188' title='bbox 235 2744 269 2807; x_wconf 95' lang='lat' dir='ltr'>id</span> <span class='ocrx_word' id='word_1_189' title='bbox 290 2742 352 2806; x_wconf 90' lang='lat' dir='ltr'>hoc</span> <span class='ocrx_word' id='word_1_190' title='bbox 375 2742 518 2824; x_wconf 92' lang='lat' dir='ltr'>consilio,</span> <span class='ocrx_word' id='word_1_191' title='bbox 540 2745 590 2825; x_wconf 89' lang='lat' dir='ltr'>ut,</span> <span class='ocrx_word' id='word_1_192' title='bbox 613 2764 686 2807; x_wconf 87' lang='lat' dir='ltr'>cum</span> <span class='ocrx_word' id='word_1_193' title='bbox 709 2743 791 2807; x_wconf 89' lang='lat' dir='ltr'>acies</span> <span class='ocrx_word' id='word_1_194' title='bbox 815 2742 895 2807; x_wconf 88' lang='lat' dir='ltr'>duae</span> <span class='ocrx_word' id='word_1_195' title='bbox 918 2740 1062 2809; x_wconf 81' lang='lat' dir='ltr'>intense</span> <span class='ocrx_word' id='word_1_196' title='bbox 1085 2768 1160 2811; x_wconf 91' lang='lat' dir='ltr'>con·</span> 
     </span>
     <span class='ocr_line' id='line_1_28' title="bbox 149 2838 1160 2928; baseline 0.005 -24"><span class='ocrx_word' id='word_1_197' title='bbox 149 2841 337 2922; x_wconf 87' lang='lat' dir='ltr'>currissent,</span> <span class='ocrx_word' id='word_1_198' title='bbox 364 2838 457 2902; x_wconf 92' lang='lat' dir='ltr'>initio</span> <span class='ocrx_word' id='word_1_199' title='bbox 486 2839 668 2903; x_wconf 87' lang='lat' dir='ltr'>certaminis</span> <span class='ocrx_word' id='word_1_200' title='bbox 695 2839 791 2923; x_wconf 91' lang='lat' dir='ltr'>paulo</span> <span class='ocrx_word' id='word_1_201' title='bbox 818 2839 948 2924; x_wconf 91' lang='lat' dir='ltr'>longius</span> <span class='ocrx_word' id='word_1_202' title='bbox 976 2839 1046 2905; x_wconf 90' lang='lat' dir='ltr'>cius</span> <span class='ocrx_word' id='word_1_203' title='bbox 1071 2845 1160 2928; x_wconf 90' lang='lat' dir='ltr'>equi·</span> 
     </span>
     <span class='ocr_line' id='line_1_29' title="bbox 149 2936 1161 3021; baseline 0.005 -21"><span class='ocrx_word' id='word_1_204' title='bbox 149 2940 236 3000; x_wconf 83' lang='lat' dir='ltr'>tatus</span> <span class='ocrx_word' id='word_1_205' title='bbox 274 2936 504 3000; x_wconf 80' lang='lat' dir='ltr'>circumvectus</span> <span class='ocrx_word' id='word_1_206' title='bbox 540 2958 580 3000; x_wconf 88' lang='lat' dir='ltr'>ex</span> <span class='ocrx_word' id='word_1_207' title='bbox 606 2937 781 3021; x_wconf 86' lang='lat' dir='ltr'>improviso</span> <span class='ocrx_word' id='word_1_208' title='bbox 814 2936 975 3001; x_wconf 90' lang='lat' dir='ltr'>clauderet</span> <span class='ocrx_word' id='word_1_209' title='bbox 1010 2938 1161 3005; x_wconf 90' lang='lat' dir='ltr'>multitu·</span> 
     </span>
     <span class='ocr_line' id='line_1_30' title="bbox 150 3031 1161 3118; baseline 0.005 -21"><span class='ocrx_word' id='word_1_210' title='bbox 150 3033 222 3097; x_wconf 90' lang='lat' dir='ltr'>dine</span> <span class='ocrx_word' id='word_1_211' title='bbox 246 3055 303 3097; x_wconf 91' lang='lat' dir='ltr'>sua</span> <span class='ocrx_word' id='word_1_212' title='bbox 322 3033 496 3097; x_wconf 88' lang='lat' dir='ltr'>exercitum</span> <span class='ocrx_word' id='word_1_213' title='bbox 516 3031 658 3098; x_wconf 78' lang='lat' dir='ltr'>Caesaris</span> <span class='ocrx_word' id='word_1_214' title='bbox 678 3038 773 3118; x_wconf 90' lang='lat' dir='ltr'>atque</span> <span class='ocrx_word' id='word_1_215' title='bbox 795 3034 1020 3117; x_wconf 89' lang='lat' dir='ltr'>perturbatum</span> <span class='ocrx_word' id='word_1_216' title='bbox 1043 3035 1161 3102; x_wconf 87' lang='lat' dir='ltr'>iaculis</span> 
     </span>
     <span class='ocr_line' id='line_1_31' title="bbox 150 3129 1161 3215; baseline 0.003 -19"><span class='ocrx_word' id='word_1_217' title='bbox 150 3131 330 3215; x_wconf 86' lang='lat' dir='ltr'>configeret.</span> <span class='ocrx_word' id='word_1_218' title='bbox 367 3129 455 3194; x_wconf 89' lang='lat' dir='ltr'>Haec</span> <span class='ocrx_word' id='word_1_219' title='bbox 473 3130 536 3193; x_wconf 85' lang='lat' dir='ltr'>fuit</span> <span class='ocrx_word' id='word_1_220' title='bbox 554 3131 636 3195; x_wconf 90' lang='lat' dir='ltr'>ratic</span> <span class='ocrx_word' id='word_1_221' title='bbox 657 3129 816 3214; x_wconf 86' lang='lat' dir='ltr'>Scipionis</span> <span class='ocrx_word' id='word_1_222' title='bbox 834 3152 871 3195; x_wconf 92' lang='lat' dir='ltr'>eo</span> <span class='ocrx_word' id='word_1_223' title='bbox 895 3130 946 3196; x_wconf 91' lang='lat' dir='ltr'>dic</span> <span class='ocrx_word' id='word_1_224' title='bbox 969 3132 1161 3214; x_wconf 75' lang='lat' dir='ltr'>proeliandi.</span> 
     </span>
     <span class='ocr_line' id='line_1_32' title="bbox 113 3226 1163 3317; baseline 0.004 -24"><span class='ocrx_word' id='word_1_225' title='bbox 113 3247 127 3293; x_wconf 93' lang='lat'>1</span> <span class='ocrx_word' id='word_1_226' title='bbox 214 3226 280 3291; x_wconf 85' lang='lat' dir='ltr'>LX.</span> <span class='ocrx_word' id='word_1_227' title='bbox 312 3226 455 3291; x_wconf 81' lang='lat' dir='ltr'>Caesaris</span> <span class='ocrx_word' id='word_1_228' title='bbox 475 3231 581 3291; x_wconf 90' lang='lat' dir='ltr'>autem</span> <span class='ocrx_word' id='word_1_229' title='bbox 601 3228 684 3292; x_wconf 89' lang='lat' dir='ltr'>acies</span> <span class='ocrx_word' id='word_1_230' title='bbox 707 3227 768 3293; x_wconf 88' lang='lat' dir='ltr'>hoc</span> <span class='ocrx_word' id='word_1_231' title='bbox 786 3228 881 3293; x_wconf 92' lang='lat' dir='ltr'>modo</span> <span class='ocrx_word' id='word_1_232' title='bbox 900 3228 963 3292; x_wconf 91' lang='lat' dir='ltr'>fuit</span> <span class='ocrx_word' id='word_1_233' title='bbox 983 3229 1163 3317; x_wconf 89' lang='lat' dir='ltr'>conlocata,</span> 
     </span>
     <span class='ocr_line' id='line_1_33' title="bbox 148 3324 1162 3412; baseline -0.001 -23"><span class='ocrx_word' id='word_1_234' title='bbox 148 3329 186 3389; x_wconf 90' lang='lat' dir='ltr'>ut</span> <span class='ocrx_word' id='word_1_235' title='bbox 209 3324 248 3388; x_wconf 87' lang='lat' dir='ltr'>ab</span> <span class='ocrx_word' id='word_1_236' title='bbox 272 3324 403 3388; x_wconf 89' lang='lat' dir='ltr'>sinistro</span> <span class='ocrx_word' id='word_1_237' title='bbox 427 3325 495 3397; x_wconf 90' lang='lat' dir='ltr'>cius</span> <span class='ocrx_word' id='word_1_238' title='bbox 519 3346 617 3388; x_wconf 89' lang='lat' dir='ltr'>cornu</span> <span class='ocrx_word' id='word_1_239' title='bbox 636 3325 742 3389; x_wconf 87' lang='lat' dir='ltr'>ordiar</span> <span class='ocrx_word' id='word_1_240' title='bbox 759 3329 792 3389; x_wconf 92' lang='lat' dir='ltr'>et</span> <span class='ocrx_word' id='word_1_241' title='bbox 813 3326 853 3389; x_wconf 94' lang='lat' dir='ltr'>ad</span> <span class='ocrx_word' id='word_1_242' title='bbox 876 3325 1026 3397; x_wconf 78' lang='lat' dir='ltr'>dextmm</span> <span class='ocrx_word' id='word_1_243' title='bbox 1048 3350 1162 3412; x_wconf 80' lang='lat' dir='ltr'>perve-</span> 
     </span>
    </p>
   </div>
   <div class='ocr_carea' id='block_1_3' title="bbox 149 3419 1164 3603">
    <p class='ocr_par' dir='ltr' id='par_1_3' title="bbox 149 3419 1164 3603">
     <span class='ocr_line' id='line_1_34' title="bbox 149 3419 1164 3513; baseline 0.007 -27"><span class='ocrx_word' id='word_1_244' title='bbox 149 3423 245 3486; x_wconf 90' lang='lat' dir='ltr'>niam.</span> <span class='ocrx_word' id='word_1_245' title='bbox 294 3419 418 3485; x_wconf 91' lang='lat' dir='ltr'>Habuit</span> <span class='ocrx_word' id='word_1_246' title='bbox 447 3421 607 3506; x_wconf 85' lang='lat' dir='ltr'>legionem</span> <span class='ocrx_word' id='word_1_247' title='bbox 639 3439 664 3485; x_wconf 87' lang='lat' dir='ltr'>x</span> <span class='ocrx_word' id='word_1_248' title='bbox 691 3426 723 3486; x_wconf 91' lang='lat' dir='ltr'>et</span> <span class='ocrx_word' id='word_1_249' title='bbox 749 3440 786 3486; x_wconf 86' lang='lat' dir='ltr'>1x</span> <span class='ocrx_word' id='word_1_250' title='bbox 817 3423 852 3487; x_wconf 92' lang='lat' dir='ltr'>in</span> <span class='ocrx_word' id='word_1_251' title='bbox 884 3422 1016 3488; x_wconf 88' lang='lat' dir='ltr'>sinistro</span> <span class='ocrx_word' id='word_1_252' title='bbox 1050 3447 1164 3513; x_wconf 91' lang='lat' dir='ltr'>cornu,</span> 
     </span>
     <span class='ocr_line' id='line_1_35' title="bbox 149 3520 1164 3603; baseline 0.005 -19"><span class='ocrx_word' id='word_1_253' title='bbox 149 3537 236 3603; x_wconf 86' lang='lat' dir='ltr'>xxx,</span> <span class='ocrx_word' id='word_1_254' title='bbox 268 3536 367 3602; x_wconf 83' lang='lat' dir='ltr'>xxix,</span> <span class='ocrx_word' id='word_1_255' title='bbox 399 3536 476 3602; x_wconf 89' lang='lat' dir='ltr'>x111,</span> <span class='ocrx_word' id='word_1_256' title='bbox 507 3536 581 3603; x_wconf 85' lang='lat' dir='ltr'>xrv,</span> <span class='ocrx_word' id='word_1_257' title='bbox 612 3536 737 3602; x_wconf 85' lang='lat' dir='ltr'>xxvrn,</span> <span class='ocrx_word' id='word_1_258' title='bbox 768 3537 853 3584; x_wconf 84' lang='lat' dir='ltr'>xxvi</span> <span class='ocrx_word' id='word_1_259' title='bbox 886 3520 920 3584; x_wconf 90' lang='lat' dir='ltr'>in</span> <span class='ocrx_word' id='word_1_260' title='bbox 947 3520 1055 3586; x_wconf 88' lang='lat' dir='ltr'>media</span> <span class='ocrx_word' id='word_1_261' title='bbox 1086 3525 1164 3589; x_wconf 87' lang='lat' dir='ltr'>acie.</span> 
     </span>
    </p>
   </div>
   <div class='ocr_carea' id='block_1_4' title="bbox 0 0 1218 3968">
    <p class='ocr_par' dir='ltr' id='par_1_4' title="bbox 0 0 1218 3968">
     <span class='ocr_line' id='line_1_36' title="bbox 0 0 1218 3968; baseline 0 0"><span class='ocrx_word' id='word_1_262' title='bbox 0 0 1218 3968; x_wconf 95' lang='lat' dir='ltr'> </span> 
     </span>
    </p>
   </div>
  </div>
 </body>
</html>
