2414 3968
380 217 456 273 OAP.
475 217 748 275 XXXVII-XXXX.
1029 222 1068 285 71

62 362 315 428 adversariorum
343 361 444 446 copiis
470 362 601 427 moveri.
645 361 715 427 Iam
744 385 817 428 cum
844 387 909 429 non
934 365 1106 449 ampliusa

60 481 174 543 passus
201 477 253 524 m)
283 460 368 523 inter
399 458 543 523 hostium
576 459 676 524 aciem
708 482 845 544 suasque
876 463 1071 527 munitiones

61 579 130 622 esse
165 556 443 620 animadvertisset
474 555 749 640 intellexissetque
781 558 821 621 ad
853 558 1071 642 impediendos

60 654 181 719 milites
208 675 284 718 suos
311 657 343 717 et
371 653 410 717 ab
438 675 532 738 opere
563 654 766 738 depellendos
788 655 915 721 hostem
938 658 1071 741 propius

61 754 207 818 accedere
238 773 429 835 necesseque
456 751 588 816 haberet
618 750 761 837 legiones
788 775 808 817 a
838 755 1072 819 munitionibus

61 849 227 932 deducere,
259 848 408 932 imperat,
437 851 562 913 turmae
589 847 808 933 Hispanorum
836 856 874 915 ut
900 852 940 916 ad
966 852 1071 936 proxi-

60 968 150 1010 mum
178 944 292 1010 collem
318 966 453 1029 propere
487 951 687 1010 accurrerent
713 949 971 1033 praesidiumque
998 949 1071 1013 inde

61 1042 267 1106 deturbarent
288 1041 458 1125 locumque
490 1046 650 1127 asperent,
678 1045 853 1128 eodemque
879 1046 970 1110 iubet
990 1045 1071 1110 levis

59 1143 241 1204 armaturae
268 1160 388 1222 paucos
415 1139 567 1223 consequi
595 1140 747 1204 subsidia.
794 1140 857 1217 Qui
878 1143 970 1206 missi
993 1142 1106 1206 cele-8

59 1237 139 1301 riter
160 1234 320 1300 Numidas
343 1234 447 1299 adorti
468 1237 587 1320 partim
610 1237 701 1301 vivos
730 1238 873 1323 capiunt,
899 1238 1071 1304 nonnullos

60 1335 185 1419 equites
207 1333 369 1418 fugientes
393 1333 701 1398 convulneraverunt
740 1331 876 1416 locoque
915 1338 991 1398 sunt
1016 1356 1071 1417 po-

58 1431 120 1495 titi.
156 1428 334 1513 Postquam
357 1428 391 1492 id
413 1427 575 1493 Labienus
600 1429 834 1513 animadvertit,
856 1451 920 1513 quo
938 1430 1107 1494 celerinae
1175 1460 1179 1471 ¹

59 1529 100 1593 iis
114 1526 271 1592 auxilium
286 1525 395 1610 ferret,
413 1547 454 1589 ex
468 1527 533 1590 acie
548 1527 706 1591 instructa
723 1527 885 1611 equitatus
904 1528 955 1591 sui
972 1549 1072 1611 prope

58 1628 164 1690 totum
192 1624 341 1687 dextrum
369 1642 468 1686 comu
497 1624 614 1687 avertit
646 1627 742 1707 atque
774 1624 842 1688 suis
873 1624 1071 1710 fugientibus

59 1721 223 1806 suppetias
250 1721 297 1784 ire
325 1718 497 1783 contendit.
548 1718 641 1797 Quod
667 1720 723 1784 ubi
752 1719 868 1785 Caesar
896 1721 1105 1806 conspexit,5

58 1820 236 1884 Labienum
273 1815 313 1879 ab
351 1817 418 1880 suis
454 1817 555 1900 copiis
596 1816 725 1903 longius
766 1819 831 1882 iam
871 1819 1071 1903 abscessisse,

58 1916 222 2000 equitatus
245 1913 296 1977 sui
319 1911 403 1976 alam
429 1912 592 1978 sinistram
615 1914 656 1978 ad
678 1914 935 1980 intercludendos
961 1914 1071 1979 hostes
1114 1926 1128 1936 “
1167 2001 1168 2004 ¹

59 2012 203 2076 immisit.
518 2034 520 2037 ·

125 2105 257 2170 XXXX.
301 2102 384 2168 Erat
406 2104 440 2168 in
463 2125 500 2168 eo
524 2127 651 2192 campo,
677 2109 734 2172 ubi
759 2129 797 2172 ea
818 2129 869 2172 res
892 2107 1071 2191 gerebatur,
1091 2127 1104 2172 1

58 2204 138 2269 villa
169 2221 345 2286 permagna
376 2200 519 2266 turribus
551 2219 588 2266 1v
619 2204 789 2288 instructa3
825 2225 907 2287 quae
937 2202 1072 2268 Labieni

58 2302 264 2385 prospectum
291 2296 499 2380 impediebat,
530 2319 570 2362 ne
597 2302 708 2382 posset
736 2299 879 2362 animum
907 2298 1070 2362 advertere

59 2398 100 2463 ab
123 2397 268 2481 equitatu
292 2393 435 2459 Caesaris
463 2415 497 2458 se
523 2394 702 2458 intercludi.
747 2393 861 2479 Itaque
888 2417 954 2458 non
980 2394 1104 2478 priusa

57 2496 140 2560 vidit
162 2497 285 2558 turmas
302 2490 453 2576 Iulianas,
476 2513 572 2575 quam
595 2512 671 2555 suos
695 2491 783 2555 caedi
806 2514 825 2555 a
848 2495 940 2576 tergo
963 2492 1069 2556 sentit.

56 2592 110 2657 Ex
146 2613 209 2676 qua
244 2612 279 2654 re
316 2589 424 2653 subito
459 2588 493 2652 in
534 2592 689 2653 terrorem
731 2610 885 2653 converso
925 2589 1070 2673 equitatu

56 2688 275 2754 Numidarum
306 2690 394 2752 recta
425 2687 459 2750 in
492 2689 596 2749 eastra
625 2684 736 2769 fugere
764 2685 935 2750 contendit
987 2683 1105 2750 Gallia

59 2785 281 2869 Germanique,
305 2785 361 2869 qui
383 2783 578 2868 restiterant,
601 2806 641 2847 ex
661 2782 826 2865 superiore
848 2783 919 2847 loco
943 2786 1070 2866 etpost

57 2887 185 2967 tergum
208 2881 417 2946 circumventi
438 2880 630 2964 fortiterque
653 2880 838 2944 resistentes
859 2879 1070 2944 conciduntur

57 2978 206 3042 universi.
243 2977 336 3054 Quod
354 2978 411 3041 nbi
428 2977 572 3062 legiones
593 2975 760 3060 Scipionis,
780 2997 860 3060 quae
878 2998 937 3060 pro
957 2978 1104 3041 castrisr

58 3078 149 3138 erant
171 3073 521 3158 instructae,·animum
545 3073 759 3157 adverterunt,
781 3077 871 3137 metu
894 3095 930 3138 ac
948 3076 1068 3139 terrore

59 3171 244 3234 obcaecatae
267 3170 416 3235 omnibus
438 3170 542 3253 portis
565 3171 600 3235 in
623 3193 681 3235 sua
704 3174 808 3235 castra
830 3170 941 3256 fugere
961 3192 1068 3254 coepe·

57 3270 142 3331 runt.
185 3265 362 3351 Postquam
386 3266 534 3350 Scipione
557 3267 699 3352 eiusque
713 3268 814 3350 copiis
842 3289 953 3350 campo
982 3265 1103 3330 colli-t

57 3364 181 3447 busque
208 3365 385 3429 exturbatis
413 3369 508 3449 atque
535 3364 569 3428 in
601 3368 705 3429 castra
729 3363 903 3447 compulsis
926 3385 999 3428 cum
1022 3384 1069 3428 re·

56 3461 164 3545 ceptui
183 3459 297 3525 Caesar
315 3461 386 3526 cani
404 3461 550 3526 iussisset
569 3462 811 3546 equitatumque
832 3482 960 3529 omnem
982 3461 1068 3525 intra

55 3579 130 3621 suas
144 3557 341 3622 munitiones
355 3559 535 3643 recepisset,
554 3580 666 3642 campo
685 3562 823 3643 purgato
842 3557 1067 3622 animadvertit
