2414 3968
377 212 452 268 car.
466 213 751 269 amr-mrum.
798 285 802 294 ι
1023 217 1066 282 93

124 354 303 421 LXXVIII.
354 355 436 420 Erat
467 357 620 440 oppidum
656 359 742 423 infra
772 364 877 424 castra
909 359 1103 445 Scipionisr

58 454 188 518 nomine
209 453 323 537 Tegea,
346 453 403 516 ubi
425 452 620 537 praesidium
644 459 791 538 equestre
816 457 942 521 circiter
964 476 990 521 11
1012 459 1069 523 mi-

57 551 139 616 lium
166 571 299 614 numero
326 549 444 615 habere
471 555 648 615 consuerat.
698 551 748 616 Eo
781 554 926 637 equitatu
959 554 1104 619 dextraa

58 649 191 713 sinistra
218 647 344 711 derecto
372 647 411 712 ab
439 648 550 731 oppidi
576 647 732 714 latoribus
759 650 828 734 ipse
854 650 998 735 legiones
1030 674 1070 716 ex

58 745 173 809 castris
196 744 326 808 eductas
349 747 445 827 atque
468 745 502 808 in
524 741 601 829 iugo
627 745 777 811 inferiore
805 747 978 812 instructas
1004 770 1070 812 non

57 841 187 926 longius
214 840 280 905 fere
308 840 396 904 mille
422 863 538 925 passus
566 842 605 906 ab
634 843 702 907 suis
733 845 967 910 munitionibus
998 867 1069 929 pro-

58 960 188 1024 gressus
216 938 250 1001 in
278 937 344 1002 acie
373 938 541 1003 constituit
527 937 674 1003 tPost
660 943 772 1023 tquam
800 940 879 1004 diut
856 944 921 1005 trus
948 941 982 1005 in
1004 959 1104 1006 unos

56 1036 128 1100 loco
149 1034 257 1119 Scipio
278 989 549 1099 commorabatur·
559 1040 592 1100 et
614 1040 741 1121 tempus
765 1037 859 1102 diei
850 1061 884 1102 ιιι
908 1039 973 1102 otio
997 1060 1070 1103 oon·

58 1132 205 1196 sumebat
191 1136 257 1215 tur,
290 1129 406 1196 Caesar
437 1133 583 1244 equitum
610 1137 733 1197 turmas
760 1156 892 1199 suorum
919 1136 1069 1200 iubetin

56 1231 201 1296 hostium
224 1231 414 1342 equitatum,
438 1230 494 1314 qui
517 1229 557 1294 ad
579 1230 828 1314 oppidums
755 1235 844 1295 inst
845 1232 952 1297 atione
970 1237 1070 1317 erant,
1155 1259 1158 1267 ¹

56 1328 192 1394 facere
183 1328 428 1412 impressionem
449 1327 617 1410 levemque
646 1331 855 1412 armaturam,
885 1329 1069 1414 sagittarios

55 1425 299 1509 funditoresque
331 1424 443 1489 eodem
475 1424 646 1489 submittit
706 1424 800 1501 Quod
830 1379 887 1490 ribi
920 1430 1104 1509 coeptum4

56 1527 107 1587 est
128 1523 209 1607 fieri,
232 1526 265 1587 et
287 1523 379 1606 equis
403 1521 571 1586 concitatis
593 1521 712 1586 Iuliani
734 1522 891 1606 impetum
909 1521 1069 1608 fecissent,

55 1619 224 1685 Pacideius
259 1641 335 1684 suos
372 1619 496 1703 equites
527 1619 732 1702 exporrigere
764 1618 871 1701 coepit
902 1619 937 1682 in
966 1617 1068 1703 longi-
1158 1684 1160 1689 ,

55 1717 214 1799 tudinem,
254 1720 292 1780 ut
332 1715 488 1779 haberent
527 1715 715 1780 facultatem
762 1718 886 1780 turmas
926 1714 1068 1779 Iulianas

56 1813 270 1879 circumfundi
302 1817 334 1877 et
365 1811 467 1876 nihilo
499 1813 607 1876 minus
639 1813 815 1877 fortissime
853 1812 1067 1897 acerrimeque

55 1933 207 1997 pugnare.
263 1904 367 1986 Quod'
387 1909 444 1972 ubi
476 1908 592 1973 Caesar
628 1909 770 1973 animum
806 1907 957 1992 advertit,
995 1924 1102 1993 cco,5

56 2030 138 2092 quos
171 2029 210 2071 ex
240 2005 422 2090 legionibus
454 2005 571 2070 habere
606 2005 772 2088 expeditos
810 2008 991 2088 consuerat,
1028 2028 1068 2070 ex

55 2105 197 2188 legione,
225 2124 306 2187 quae
332 2102 480 2185 proxima
507 2102 537 2165 ei
563 2102 685 2184 proelio
714 2102 749 2167 in
776 2102 843 2167 acie
871 2103 1068 2186 constiterat,

56 2202 147 2266 iubet
183 2197 342 2282 equitatui
380 2219 572 2262 succurrere.
629 2196 790 2263 Labienus
830 2199 960 2263 interim
1000 2199 1102 2265 suiso

56 2296 221 2382 equitibus
241 2293 361 2359 auxilia
378 2295 539 2378 equestria
557 2295 746 2359 submittere
764 2295 944 2380 sauciisque
963 2317 999 2359 ac
1017 2296 1068 2360 de

56 2393 201 2479 fatigatis
224 2392 368 2476 integros
390 2391 685 2475 recentioribusque
706 2392 829 2457 viribus
853 2393 977 2476 equites
995 2393 1069 2458 sub·

55 2492 247 2556 ministrare.
279 2487 457 2572 Postquam
475 2488 599 2572 equites
613 2486 731 2553 Iuliani
745 2505 830 2554 cccc
844 2489 911 2553 rim
924 2488 1068 2553 hostium
1088 2507 1103 2555 ι

55 2589 97 2653 ad
117 2606 155 2652 rv
178 2586 268 2650 milia
290 2606 423 2650 numero
446 2586 605 2650 sustinere
627 2609 693 2651 non
714 2589 866 2671 poterant
888 2589 921 2650 et
947 2586 986 2649 ab
1004 2586 1069 2651 leri

56 2688 218 2750 armatura
236 2682 452 2748 Numidarum
475 2683 726 2748 vulnerabantur
748 2682 997 2766 minutatimque
1020 2704 1068 2746 ce·

56 2783 186 2866 debant,
215 2779 330 2845 Caesar
353 2779 486 2844 alteram
509 2780 593 2845 alam
619 2781 735 2865 mittit,
763 2779 819 2864 qui
847 2778 1067 2862 satagentibus

56 2879 201 2944 celeriter
228 2879 438 2942 occurrerent.
490 2875 560 2952 Quo
586 2878 672 2942 facto
701 2878 752 2942 sui
780 2875 899 2940 sublati
926 2876 1102 2942 universis
1157 2958 1161 2969 ι

55 2977 90 3040 in
111 2976 222 3040 hostes
248 2973 457 3059 impressione
480 2975 567 3039 facta
592 2975 626 3038 in
653 2974 764 3060 fugam
791 2973 989 3038 adversarios
1017 2973 1067 3038 de-

55 3072 184 3156 derunt3
228 3071 340 3136 multis
381 3072 511 3156 occisis,
552 3071 770 3154 compluribus
805 3069 982 3134 vulneratis
1022 3071 1067 3134 in-

33 3169 159 3232 secuti
180 3190 237 3252 per
254 3186 294 3232 111
311 3168 402 3232 milia
418 3190 572 3252 passuum
593 3189 694 3252 usque
718 3168 759 3232 ad
782 3167 897 3232 collem
919 3166 1067 3232 hostibus

56 3266 178 3330 adactis
201 3287 235 3329 se
258 3266 298 3328 ad
316 3288 391 3330 suos
409 3266 577 3350 rccipiunt.
614 3264 730 3330 Caesar
748 3265 783 3329 in
801 3264 915 3329 horam
937 3282 962 3328 x
985 3286 1067 3329 com·
1087 3283 1102 3330 a

55 3364 216 3446 moratnS,
245 3363 329 3427 sicut
360 3367 428 3427 erat
455 3357 645 3448 instructus,
677 3385 711 3427 se
739 3362 779 3427 ad
805 3383 864 3426 sua
891 3366 995 3426 castra
1021 3384 1068 3426 re-

54 3459 140 3543 cepit
165 3459 313 3522 omnibus
336 3459 558 3527 incolumibus.
607 3459 648 3525 In
670 3481 734 3544 quo
756 3459 879 3544 proelio
898 3457 1067 3523 Pacideius
1087 3477 1120 3524 ιο

53 3557 195 3642 graviter
225 3555 292 3640 pilo
320 3579 378 3640 per
404 3558 560 3623 cassidem
589 3561 684 3641 caput
711 3557 795 3621 ictus
822 3555 1067 3640 compluresque
