2414 3968
430 187 503 241 VIII.
529 185 738 241 EPISTULAII.
1026 185 1091 249 209

76 327 190 396 ἀξίωσις
212 329 244 384 τὸ
266 326 413 398 πρόσχημα
436 337 485 399 τῆς
507 326 698 400 δικαιολογίας
724 327 851 397 λαμπρὸν
879 324 960 397 εἶχεν.
996 325 1094 392 Ἠξίου
1110 336 1188 366 *M

80 401 134 472 γὰρ
158 398 243 462 αῦτός
263 419 293 454 τε
316 398 496 455 καταθέσθαι
518 399 553 454 τὰ
577 398 648 454 ὅπλα
671 401 720 454 καί
743 397 893 469 Πομπηίου
915 397 1003 453 ταῦτά
1021 378 1188 485 nod-D&

81 474 181 538 ξαντος
199 468 375 542 ἀμφοτέρους
394 473 506 534 ἰδιώτας
525 468 692 542 γενομένους
711 468 889 539 εὑρίσκεσθαί
902 490 929 524 τι
947 468 1025 537 παρά
1039 479 1094 524 τῶν

80 547 201 598 πολιτῶν
220 540 333 613 ἀγαθόν
345 587 350 596 .
363 587 368 597 .
381 541 539 605 ,Ἀντώνιος
562 541 593 597 δὲ
616 544 766 612 δημαρχῶν
784 539 926 611 Καίσαρος
944 539 1013 609 ὑπὲρ
1031 541 1095 595 τοώ-
1156 541 1159 546 ’

80 635 137 670 των
157 613 303 682 ἐπιστολήν
325 618 510 683 κομισθεῖσαν
535 614 575 676 είς
596 614 628 667 τὸ
646 616 757 683 πλῆθος
774 611 902 683 ἐξήνεγκε
920 614 968 667 καί
987 609 1095 682 ἀνέγνω

79 683 128 761 βίᾳ
156 694 212 741 τῶν
229 683 351 740 ὑπάτων.
375 717 409 725 -
432 686 508 740 Plut.
528 685 631 739 Ακλονι.
651 689 676 739 5.
716 683 774 747 Τὰς
792 681 934 753 Καίσαρος
952 681 1097 745 ἐπιστολὰς

81 758 114 811 οῦ
134 753 322 825 προσιεμένων
345 754 411 810 οῦδὲ
435 755 544 811 ἐώντων
568 755 812 825 ἀναγινώσκεσθαι
834 764 890 810 τῶν
909 758 1096 825 συγκλητικῶν

82 827 167 890 αῦτὸς
193 826 296 898 ἰσχύων
318 826 368 881 διά
390 827 421 881 τὸ
445 827 541 898 ἄρχειν
564 824 672 897 ἀνέγνω
697 827 746 880 καί
763 829 882 889 πολλοὺς
899 823 1044 895 μετέστησε
1062 833 1096 896 τῇ

82 899 191 970 γνώμη,
214 896 311 952 δίκαια
331 899 379 952 καί
403 896 500 967 μέτρια
518 895 661 966 Καίσαρος
679 897 778 962 ἀξιοῦν
796 895 848 966 ἀφ’
867 893 906 952 ὧν
925 897 1029 967 ἔγραφε
1048 893 1096 950 δό-

80 970 187 1035 ξαντος.
199 1000 232 1010 -
247 970 320 1039 App.
331 970 402 1024 Bell.
414 970 471 1024 οου.
482 970 526 1035 II,
534 973 578 1024 32.
608 972 735 1039 Περιεῖχε
754 966 785 1022 δέ
799 968 816 1038 ή
831 967 921 1039 γραφ“
941 965 1097 1038 κατάλογόν

80 1060 110 1095 τε
130 1040 231 1110 σεμνὸν
254 1036 293 1094 ὧν
319 1039 347 1106 ἐξ
366 1041 453 1111 ἀρχῆς
471 1040 486 1095 ὁ
505 1045 615 1108 Καῖσαρ
634 1039 785 1110 ἐπεπράχει
803 1041 851 1094 καί
869 989 1030 1108 πρώκλησιν,
1055 1037 1098 1093 ὅτι

80 1109 161 1166 θέλοι
181 1110 318 1184 Πομπηΐῳ
338 1109 563 1180 συναποθέσθαι,
582 1111 717 1182 ἀρχουτος
735 1109 763 1164 δ’
771 1110 811 1165 ἐτι
826 1108 934 1166 ἐκείνου
949 1109 1012 1165 οῦτε
1026 1110 1097 1164 ἀπο-

81 1181 224 1251 θήσεσθαι
240 1184 288 1236 καί
301 1183 420 1252 τιμωρὸς
434 1179 536 1237 αὐτίκα
549 1190 583 1253 τῇ
596 1201 626 1236 τε
639 1179 756 1250 πατρίδι
769 1183 818 1236 καί
828 1181 916 1254 ἐαυτῷ
927 1179 999 1236 κατά
1013 1179 1099 1252 τάχος

80 1252 243 1323 ἀφίξεσθαι,
263 1286 296 1294 -
316 1255 374 1308 Dio
390 1255 463 1309 Cass.
474 1254 684 1320 XLI,1‚1-3.
712 1251 794 1307 Μετά
809 1251 840 1306 δὲ
854 1262 936 1307 τοῦτο
950 1251 1098 1343 γράμματα

80 1324 158 1393 παρὰ
171 1332 221 1379 τοῦ
232 1322 374 1393 Καίσαρος
386 1325 457 1393 πρὸς
470 1323 522 1394 τήν
536 1323 640 1396 βουλήν
654 1325 746 1396 λαβὼν
759 1318 831 1392 ήλθέ
843 1342 873 1378 τε
888 1323 916 1387 ἐς
928 1344 981 1392 την
991 1321 1099 1393 Ῥώμην

81 1395 112 1452 ἐυ
126 1397 196 1468 αὐτῇ
207 1404 239 1486 τῇ
249 1394 396 1466 νουμηνία,
412 1387 470 1469 ἐνῇ
485 1394 500 1450 ὅ
513 1414 543 1449 τε
553 1393 706 1457 Λέντουλος
721 1393 900 1463 ὁΚορυήλιος
917 1396 966 1449 καί
980 1394 1098 1449 ὁΚλαῦ-

82 1470 143 1530 διος
162 1467 176 1522 ὁ
192 1471 279 1530 Γαιος
295 1468 348 1536 τήν
362 1451 452 1538 ἀρχὴν
466 1466 656 1534 ἐνεστήσαντο,
674 1467 723 1521 καί
742 1467 774 1521 οῦ
793 1464 930 1534 πρότερον
947 1475 1007 1527 τοῖς
1024 1463 1096 1519 ῦπά-

80 1558 139 1602 τοις
158 1537 230 1593 αῦτά
248 1536 388 1606 ἀπέδωκε,
416 1539 484 1607 πρίν
509 1537 538 1600 ἐς
554 1538 586 1592 τὸ
606 1534 752 1606 συνέδριον
772 1544 845 1607 σφᾶς
863 1534 1032 1606 ἀφικέσθαι,
1059 1535 1098 1605 μή

81 1611 129 1664 καλ
153 1609 204 1674 ἐξω
227 1629 283 1664 που
306 1608 438 1682 λαβόντες
461 1609 534 1664 αῦτά
552 1608 782 1678 ἀποκρήψωνται.
820 1607 866 1663 ἐπλ
884 1610 955 1662 πολῦ
974 1606 1024 1676 μὲν
1043 1606 1097 1678 γὰρ

81 1682 130 1735 καλ
153 1679 190 1744 δος
212 1678 331 1751 ἀνέσχον
354 1682 405 1736 οῦκ
429 1679 613 1748 ἐθελήσαντες
636 1687 710 1749 σφᾶς
732 1676 938 1744 ἀναλέξασθαι’
966 1676 1043 1741 τέλος
1066 1676 1098 1732 δέ

82 1748 137 1805 ῦπό
165 1771 194 1805 τε
213 1751 336 1807 Κυίντου
359 1749 483 1806 Κασσίου
502 1750 642 1823 Λογγίνου
665 1753 713 1806 καλ
736 1751 791 1805 ὑπὸ
814 1749 936 1819 Μάρκου
951 1746 1100 1806 Ἀντωνίου

84 1822 302 1912 δημαρχούντοιν
320 1822 543 1911 ἠναγκάσθησαν
562 1821 634 1877 αὐτὰ
653 1824 834 1892 δημοσιεῦσαι
846 1867 850 1875 .
863 1867 868 1878 .
881 1867 886 1878 .
898 1821 928 1876 ἐν
946 1820 978 1876 δὲ
991 1829 1024 1892 τῇ
1039 1820 1100 1875 ἐπι-

85 1895 147 1946 στολ
179 1890 214 1946 τοί
228 1911 257 1946 τε
272 1892 350 1961 ἄλλα,
370 1911 421 1948 οσα
435 1891 502 1948 ποτέ
516 1896 605 1956 καλῶς
618 1893 649 1947 τὸ
664 1894 761 1949 κοινὸν
776 1894 791 1948 ὁ
806 1898 915 1963 Καῖσαρ
930 1891 1101 1960 ἐπεποιήκει,

84 1913 268 2034 ἐνεγέγραπτο
287 1965 336 2018 καί
354 1962 548 2034 ἀπολογισμός,
567 1963 636 2033 ὑπὲρ
656 1960 695 2019 ὧν
713 1963 846 2037 ᾑτιάζετο.

370 2141 593 2196 INOERTUM
608 2141 667 2195 AD
688 2141 813 2211 QUEM.

158 2239 234 2293 Plut.
256 2237 329 2292 Caes.
349 2241 393 2292 31.
430 2237 514 2306 Παρά
533 2236 675 2306 Καίσαρος
697 2233 767 2304 ἧκον
787 2238 927 2292 ἐπιστολαί
947 2235 1101 2306 μετριάζειν

87 2312 253 2372 δοκοῦντος·
282 2305 363 2377 ήξίου
387 2308 439 2379 γὰρ
463 2310 547 2378 ἀφείς
568 2309 603 2363 τὰ
622 2309 691 2363 ἀλλα
708 2307 802 2364 πάντα
820 2308 872 2377 τήν
891 2308 969 2370 ἐντὸς
981 2304 1102 2362 ’Ἄλπεων

86 2382 135 2435 καί
153 2381 185 2435 τὸ
200 2378 355 2448 Ἰλλυρικὸν
373 2380 441 2449 μετὰ
460 2382 539 2435 δυεῖν
557 2379 706 2451 ταγμάτων
724 2381 799 2453 αὐτῷ
817 2382 952 2449 δοθῆναι,
971 2375 1049 2449 μέχρι
1067 2372 1102 2432 οδ

86 2452 138 2522 τήν
157 2449 292 2520 δευτέραν
310 2449 447 2506 ὑπατείαν
466 2449 576 2521 μέτεισι.
595 2483 630 2492 -
649 2453 840 2520 Ρίκῦ.Ῥονκμ.
861 2454 904 2505 59,
927 2446 1001 2518 Ἀρτι
1020 2447 1051 2503 δὲ
1071 2448 1102 2503 ἐκ

90 2521 219 2585 Κιλικίας
243 2519 399 2592 ἀφιγμένος
416 2520 543 2591 Κικέρων
567 2522 683 2591 ἔπραττε
707 2521 871 2593 διαλλαγάς,
899 2519 974 2583 ὅπως
992 2525 1102 2589 Καῖσαρ

88 2595 210 2660 ἐξελθὼν
230 2591 370 2656 Γαλατίας
387 2594 435 2647 καί
453 2593 503 2662 τήν
523 2593 609 2663 ἀλλην
627 2592 758 2663 στρατιὰν
773 2594 856 2662 ἀφεὶς
869 2600 963 2647 πᾶσαν
978 2591 1023 2645 ἐπί
1038 2591 1102 2645 δυσί

86 2666 339 2793 ἒθίίαδιάαλέῷ
354 2662 731 2807 ώίίίῗλίπέίίιέείῖίίήί
749 2660 1102 2804 IIIIIIIIIIIIII·

153 2781 158 2792 ·
249 2781 255 2791 ·
309 2779 315 2790 ’
729 2779 737 2803 ν

85 2810 168 2863 κίοιτε
193 2808 435 2876 Ττονιεαίμυκυρυτ
460 2808 556 2862 Galim
582 2809 655 2862 duae
680 2809 735 2862 sibi
763 2809 879 2877 λογίοκτε
905 2812 931 2860 et
958 2805 1104 2873 Οιεαίρυκω

83 2881 230 2949 ρτουικωα
252 2881 293 2934 vel
315 2881 397 2934 etiam
415 2896 474 2933 ακα
493 2880 562 2949 ῑοριο
580 2896 641 2933 cum
658 2879 774 2948 Illyrico
793 2878 988 2942 concederetur,
1011 2876 1103 2944 quoad

87 2952 182 3005 νοκεκί
203 2952 284 3017 fieret.
313 2982 347 2990 —
376 2950 500 3018 Αμμίονι.
520 2950 590 3004 Bell.
612 2949 668 3004 (liv.
687 2951 735 3017 ΙΙ,
749 2953 793 3004 32.
834 2949 907 3009 Τοὺς
929 2943 980 3002 οὖν
1003 2944 1104 3016 φίλους

88 3017 212 3075 ἐκέλευεν
239 3019 308 3089 ὑπὲρ
337 3022 424 3075 αὐτοῦ
452 3022 605 3091 συμβῆναι,
629 3018 665 3074 τὰ
691 3019 742 3090 μὲν
760 3020 829 3074 ἀλλα
848 3019 935 3073 αῦτδν
958 3017 1029 3087 έθνη
1053 3018 1102 3072 καί

89 3088 263 3159 στρατόπεδα
282 3091 489 3160 ἀποθήσεσθαι,
509 3088 582 3160 μόνα
601 3088 628 3144 δ’
642 3089 714 3156 ἕξειν
733 3092 784 3147 δύο
802 3088 865 3160 τέλη
884 3091 933 3144 καὶ
950 3089 1002 3158 τὴν
1016 3087 1102 3143 Ἰλλυ-

90 3160 156 3231 ρίδα
176 3161 243 3231 μετὰ
261 3171 310 3232 τῆς
328 3162 406 3226 ἐντὸς
418 3160 538 3218 Ἄλπεων
554 3160 701 3232 Γαλατίας,
720 3161 771 3225 ἕως
788 3161 894 3224 θπατος
908 3157 1102 3231 ἀποδειχθείη.

435 3341 461 3378 a.
476 3340 503 3378 ω.
518 3339 540 3377 c.
559 3322 666 3377 DOOV
683 3325 752 3391 (49).
1052 3335 1055 3341 ’
1116 3330 1188 3415 ἔδοξ

291 3429 351 3483 ΑΙ)
369 3429 412 3484 M.
434 3428 626 3484 TULLIUM
644 3427 892 3483 CICERONEM.
1135 3428 1180 3476 (49)

160 3525 213 3581 Oia
230 3526 333 3580 adAtt.
349 3526 475 3595 V11,21,
489 3531 506 3581 3
527 3531 564 3595 (a.
576 3527 602 3580 d.
618 3526 664 3580 VI
668 3527 711 3581 Id.
723 3526 827 3596 Febr).
860 3527 924 3595 Ιμεε
942 3542 983 3580 me
1002 3524 1104 3579 Οατεαν

87 3598 126 3653 αδ
141 3615 237 3667 pacem
255 3598 380 3652 hortatur
384 3619 395 3665 ;
419 3600 466 3653 sed
484 3599 652 3668 αηίυρκιοντε
671 3599 789 3666 litterae,
813 3614 895 3668 ρναυι
913 3613 991 3652 ruere
1009 3595 1103 3664 coepit.
