2414 3968
400 214 477 271 cnr.
496 215 732 273 xxv-uxum
1029 222 1070 286 19

62 380 138 442 pars
162 359 318 443 quaedam
340 359 484 425 fluminis
502 358 572 426 Nili
591 361 734 427 derivata
756 362 855 447 [inter
873 364 922 449 se]
946 366 1070 430 duobus

60 456 232 521 itineribus
255 456 412 539 paulatim
435 457 539 521 maius
557 457 643 522 inter
665 480 700 523 se
723 460 863 543 spatium
885 462 1070 544 relinquens

61 552 280 617 diversissimo
300 553 341 617 ad
357 552 437 618 litus
460 554 629 619 Intervallo
652 557 734 620 mari
758 559 971 642 coniungitur.
1009 556 1069 622 Cui
1088 574 1104 621 2

60 650 133 716 loco
161 672 234 715 cum
261 650 517 735 adpropinquare
544 650 753 718 Mithridaten
783 676 840 718 rex
866 656 1070 740 cognovisset

62 752 96 813 et
126 747 356 811 transeundum
388 747 417 811 ei
450 748 571 812 flumen
607 750 716 834 sciret,
752 772 885 836 magnas
918 752 1069 817 adversus

62 867 136 910 eum
151 846 259 928 copias
273 844 375 928 misit,
398 844 516 928 quibus
529 844 582 909 rel
600 847 745 930 superari
764 847 925 932 delerique
943 846 1069 913 Mithri-

63 945 160 1008 daten
182 941 234 1006 rel
256 942 325 1006 sine
348 941 445 1005 dubio
469 941 601 1006 retineri
628 964 722 1026 posse
752 944 909 1009 credebat.
955 943 1068 1021 Quem·
1088 960 1103 1007 3

62 1039 234 1104 admodum
261 1043 369 1103 autem
398 1038 533 1123 optabat
562 1061 635 1104 eum
664 1040 763 1125 vinci,
795 1041 841 1107 sic
868 1042 948 1106 satis
974 1041 1068 1106 habe·
1156 1081 1158 1087 ,

61 1138 119 1201 bat
136 1135 345 1201 interclusum
364 1134 530 1199 aCaesare
549 1135 584 1220 [a
597 1136 645 1221 se]
664 1137 803 1201 retineri.
841 1137 929 1214 Quae
947 1137 1068 1222 primae
1087 1154 1104 1202 4

62 1235 173 1319 copiae
194 1235 315 1299 flumen
338 1256 358 1297 a
374 1233 472 1298 Delta
494 1233 632 1298 transire
650 1238 683 1298 et
700 1232 882 1299 Mithridati
906 1257 1070 1300 occurrere

62 1335 246 1417 potuerunt,
264 1330 423 1414 proelium
438 1330 667 1394 commiserunt
681 1331 871 1397 festinantes
889 1333 1069 1416 praeripere

62 1428 333 1513 subsequentibus
350 1427 504 1492 victoriae
522 1427 716 1492 societatem.
753 1427 896 1504 Quorum
914 1430 1070 1513 impetum
1088 1445 1104 1492 ὁ

61 1525 267 1591 Mithridates
290 1544 498 1611 magnacum
521 1525 692 1608 prudentia
709 1525 938 1590 consuetudine
960 1531 1071 1591 nostra

63 1623 177 1690 castris
204 1623 332 1689 vallatis
360 1623 530 1707 sustinuit3
558 1643 631 1687 cum
653 1644 729 1687 vero
756 1623 884 1688 incaute
906 1627 1001 1708 atque
1024 1624 1069 1687 in·

64 1721 205 1788 solenter
227 1721 396 1790 succedere
419 1742 475 1785 ecs
497 1719 733 1786 munitionibus
750 1721 882 1806 videret,
904 1722 1070 1806 eruptione

62 1819 203 1903 undique
236 1817 323 1882 facta
358 1839 512 1903 magnum
547 1838 717 1882 numerum
754 1840 864 1883 eornm
899 1819 1068 1884 interfecit.

63 1915 157 1992 Quod
179 1915 244 1979 nisi
265 1915 410 1979 locorum
432 1915 550 1979 notitia
571 1914 741 1998 reliquiae
760 1915 918 1980 texissent
938 1916 1069 2000 partim·
1088 1929 1104 1977 6

64 2034 127 2096 que
154 2011 188 2074 in
215 2032 325 2094 naves,
354 2011 472 2094 quibus
495 2012 616 2076 flumen
639 2013 844 2096 transierant,
866 2013 1070 2097 recepissent,

62 2108 209 2173 funditus
233 2106 329 2170 deleti
352 2110 466 2171 essent.
513 2106 576 2183 Qui
599 2111 636 2171 ut
657 2108 789 2191 paulum
811 2109 852 2173 ab
874 2109 931 2173 illo
955 2110 1104 2174 timeret

64 2229 99 2272 se
121 2206 318 2287 recrearunt,
341 2203 500 2268 adiunctis
522 2203 588 2287 his,
612 2203 668 2287 qui
690 2203 980 2288 subsequebantur,
1003 2227 1070 2268 rur-

64 2325 120 2370 sus
143 2320 328 2385 oppugnare
353 2299 566 2364 Mithridaten
589 2304 769 2383 coeperunt.

129 2394 281 2463 XXVIII.
307 2395 453 2461 Mittitur
470 2419 491 2461 a
507 2396 695 2474 Mithridate
712 2397 844 2461 nuntius
859 2396 995 2480 Caesari,
1014 2399 1069 2482 qui
1090 2412 1104 2459 1

62 2521 132 2564 rem
154 2498 280 2581 gestam
300 2494 465 2579 perferret.
511 2493 685 2580 Cognoscit
707 2515 747 2558 ex
769 2493 836 2557 suis
860 2493 970 2557 eadem
991 2493 1070 2559 haec

64 2593 216 2660 accidisse
242 2614 308 2655 rex.
352 2589 405 2654 Ita
432 2612 533 2675 paene
556 2592 616 2656 sub
639 2591 724 2656 idem
746 2594 874 2674 tempus
896 2594 930 2653 et
950 2612 1008 2654 rex
1030 2592 1070 2654 ad

64 2689 309 2777 opprimendum
339 2687 551 2754 Mithridaten
582 2687 798 2774 proficiscitur
825 2690 858 2752 et
886 2684 1002 2751 Caeam
1031 2688 1071 2751 ad

62 2787 290 2872 recipiendum.
334 2783 495 2852 Celeriano
520 2787 663 2852 fluminis
684 2784 755 2851 Nili
782 2783 988 2868 navigatione
1011 2801 1104 2849 rexa

63 2889 114 2952 est
140 2906 231 2968 usus,
257 2882 292 2947 in
319 2903 384 2967 quo
407 2904 558 2968 magnam
585 2889 618 2949 et
644 2885 790 2967 paratam
813 2878 948 2944 classem
975 2879 1069 2946 habe-

63 2984 128 3047 bat
173 2981 290 3047 Caesar
316 2981 427 3045 eodem
454 2981 570 3046 itinere
596 2981 646 3045 uti
667 2977 786 3061 noluit,
815 2998 856 3041 ne
877 2977 1013 3043 naribus
1035 2979 1070 3042 in

64 3080 196 3147 flumine
219 3078 395 3162 dimicaret,
418 3079 475 3143 sed
498 3079 728 3143 circumvectus
748 3078 797 3139 est
815 3095 852 3138 eo
870 3074 961 3158 mari,
983 3076 1071 3159 quod

64 3174 193 3240 Africae
219 3176 321 3260 partis
344 3193 413 3240 esse
441 3174 571 3259 dicitur,
599 3174 695 3239 sicuti
721 3194 819 3256 supra
841 3170 1080 3259 demonstrari-¹

64 3293 151 3356 mus,
172 3273 263 3356 prius
281 3276 388 3337 tamen
401 3272 488 3357 regis
506 3272 608 3356 copiis
621 3269 769 3353 occurrit,
792 3291 889 3354 quam
902 3269 930 3334 is
944 3267 1071 3333 Mithri·

65 3369 162 3434 daten
180 3369 310 3454 adgredi
332 3373 451 3454 posset,
474 3389 610 3452 eumque
629 3367 670 3432 ad
687 3389 721 3431 se
738 3366 894 3431 rictorem
916 3364 1071 3430 incolumi

65 3466 208 3532 exercitu
230 3467 359 3550 recepit.
406 3464 600 3533 Consederat
622 3486 695 3529 cum
718 3463 819 3546 copiis
843 3485 901 3527 rex
922 3461 994 3527 loco
1016 3477 1105 3525 naa

57 3568 138 3628 ‘tura
159 3563 296 3646 munito,
317 3562 404 3646 quod
426 3566 495 3627 erat
517 3563 586 3646 ipse
608 3560 764 3650 excelsior
786 3559 920 3643 planitie
944 3581 983 3623 ex
1006 3580 1070 3623 om-

876 3663 912 3716 2·
